2950 4159
575 316 739 367 cunprsn
761 317 797 366 11.
1211 325 1249 389 33

198 475 349 540 subtilius
381 485 546 558 quaerunt
577 474 611 536 in
644 482 784 536 numero
816 474 1015 557 sapientium
1047 484 1114 539 non
1146 478 1201 539 ha-

197 580 338 656 bent—,
367 580 511 642 Athenis
543 586 646 640 imum
678 578 867 659 accepimus
895 589 928 642 et
959 600 1034 642 eum
1065 580 1199 661 quidem

198 685 297 747 etiam
324 682 493 765 Apollinis
523 683 656 745 oraculo
687 682 969 763 sapientissimum
1000 684 1199 748 iudicatum:

198 789 284 851 hanc
307 807 382 852 esse
405 788 439 850 in
462 796 495 850 te
519 785 717 869 sapientiam
737 786 935 863 existimant,
953 797 990 850 ut
1014 788 1131 874 omnia
1143 797 1200 851 tua

162 912 176 959 5
197 892 231 955 in
254 900 286 955 te
308 892 418 974 posita
441 911 516 954 esse
535 892 638 954 ducas
657 892 888 973 humanosque
904 899 1001 955 casus
1018 892 1138 956 virtute
1154 903 1200 955 in-

197 996 335 1059 feriores
358 1003 464 1077 putes.
511 996 624 1077 itaque
644 1016 684 1058 ex
703 1004 756 1058 me
775 1005 947 1079 quaerunt,
965 996 1065 1058 credo
1080 1016 1120 1059 ex
1137 999 1199 1060 hoc

197 1101 275 1163 item
296 1101 466 1176 Scaevola,
484 1108 628 1183 quonam
648 1108 748 1181 pacti)
767 1109 907 1163 mortem
924 1086 1079 1163 Africani
1099 1101 1198 1178 ieras,

197 1214 303 1287 eoque
330 1205 446 1286 magis,
474 1204 564 1286 quod
591 1203 749 1285 proximis
778 1204 893 1280 Nonis,
922 1225 997 1267 cum
1025 1204 1058 1267 in
1086 1205 1199 1268 hortos

199 1312 240 1373 D.
261 1311 355 1372 Bruti
377 1308 513 1391 auguris
536 1309 786 1372 commentandi
808 1316 917 1384 causa,
936 1318 971 1372 ut
994 1309 1131 1386 adsolet,
1148 1318 1200 1372 ve-

148 1438 176 1469 10
196 1414 425 1492 nissemus,ti1
450 1422 517 1476 non
541 1414 685 1489 adfuisti,
711 1423 769 1496 qui
791 1412 1043 1494 diligentissime
1066 1396 1200 1495 semper

196 1518 289 1581 illum
305 1519 393 1581 diem
409 1527 443 1581 et
458 1518 539 1580 iilud
555 1525 677 1579 mimus
693 1516 809 1580 solitus
825 1537 917 1581 esses
933 1516 1035 1580 obire.

243 1623 409 1687 Scaevola.
443 1623 619 1705 Quaerunt
635 1621 780 1705 quidem,
799 1622 834 1687 C.
855 1621 958 1698 Laeli,
976 1622 1078 1698 multi,
1097 1632 1133 1684 ut
1149 1631 1200 1685 est
1231 1639 1249 1689 8

196 1732 216 1788 a
233 1726 363 1789 Fannio
379 1725 514 1803 dictum,
532 1726 591 1789 sed
608 1746 671 1807 ego
687 1726 721 1788 id
736 1726 932 1808 respondes),
946 1727 1036 1809 quod
1052 1726 1198 1789 animum

196 1831 332 1907 adverti,
350 1838 384 1893 te
407 1830 564 1905 dolorem,
582 1849 681 1912 quem
704 1829 872 1911 acceperis
896 1850 971 1893 cum
996 1840 1116 1892 summi
1138 1831 1200 1893 viri

146 1956 174 2003 15
195 1945 266 1998 tum
289 1936 480 2000 amicissimi
502 1944 616 2011 morte,
641 1935 730 1998 ferre
757 1935 936 2010 moderate,
961 1954 1023 1997 nec
1050 1934 1199 2016 potuisse

195 2048 262 2102 non
282 2047 482 2103 commoveri
500 2059 563 2102 nec
581 2038 686 2102 fuisse
705 2038 739 2101 id
759 2038 973 2102 humanitatis
989 2048 1085 2115 tuae;
1110 2039 1199 2122 quod

192 2150 304 2204 autem
322 2143 428 2205 Nonis
447 2142 481 2205 in
501 2142 654 2225 conlegio
666 2150 782 2206 nostro
801 2150 868 2205 non
884 2141 1059 2219 adfuisses,
1076 2143 1199 2205 valetu-

195 2247 306 2310 dinem
322 2248 509 2329 respondeo
524 2267 669 2323 causam,
686 2255 754 2310 non
770 2246 969 2310 maestitiam
984 2246 1098 2309 fuisse.

237 2352 384 2414 Laelius.
420 2353 524 2415 Recte
546 2358 583 2413 tir
607 2351 750 2434 quidem,
769 2351 940 2427 Scaevola,
961 2360 994 2413 et
1016 2358 1111 2413 vere:
1135 2371 1198 2414 nec

144 2481 173 2512 ω
195 2454 283 2518 enim
304 2455 346 2518 ab
366 2454 429 2519 isto
448 2454 563 2531 officio,
582 2456 671 2537 quod
688 2475 821 2537 semper
837 2461 1003 2537 usurpavi,
1022 2475 1097 2517 cum
1112 2455 1198 2517 vale-

143 2669 179 2703 sc.
209 2655 411 2718 sapientia-r.
440 2655 590 2711 subtilius,
621 2656 683 2703 with
708 2655 809 2719 panied,
835 2654 969 2714 doubtless,
992 2655 1026 2717 by
1053 2669 1069 2703 a
1096 2661 1248 2717 gesture.—

144 2746 213 2778 more
224 2732 286 2779 than
299 2732 377 2780 usual
386 2739 518 2779 exactness.
542 2732 598 2779 Τὴε
607 2731 681 2780 refer·
708 2731 731 2779 8.
744 2730 1146 2795 hortos,‘pressure-gardens’;
1163 2731 1189 2779 in
1204 2732 1246 2779 the

144 2822 207 2855 ence
225 2808 245 2855 is
257 2814 283 2856 to
297 2808 340 2856 the
349 2807 507 2869 Stoica—3.
526 2808 680 2869 sapientis
708 2807 825 2869 singular,
849 2823 864 2855 a
889 2807 1158 2870 ‘vegetable-garden.'
1208 2809 1246 2856 To

143 2883 266 2931 simum:
290 2884 333 2931 the
353 2898 472 2948 response
492 2883 521 2931 of
538 2885 581 2933 the
599 2883 682 2931 oracle
708 2883 794 2931 obtain
818 2899 851 2931 an
871 2884 1051 2932 unobstructed
1071 2883 1134 2931 view
1154 2884 1183 2931 oi
1203 2884 1246 2932 the

144 2974 208 3007 was:
228 2959 308 3019 Σοφὸς
327 2961 475 3019 Σοφοκλῆς·
498 2960 639 3025 σοφώτερος
658 2959 683 3007 δ’
707 2959 753 3021 sky
772 2960 815 3007 the
836 2975 926 3021 augurs
946 2966 997 3007 met
1018 2960 1115 3008 outside
1135 2960 1179 3008 the
1198 2961 1247 3022 city

143 3035 283 3096 Εὐριπίδης.
315 3037 462 3096 Ἀνδρῶνδὲ
471 3036 574 3084 πάντων
582 3036 681 3096 Σωκρά-
707 3035 783 3093 walls,
799 3035 825 3083 in
842 3051 912 3084 some
928 3036 1024 3099 private
1041 3038 1156 3099 gardens.
1191 3037 1245 3084 The

142 3127 188 3169 της
216 3111 444 3175 caprimon—4.
474 3113 574 3161 omnia
602 3149 609 3161 .
638 3148 645 3161 .
674 3149 680 3161 .
706 3111 795 3159 Nones
806 3127 856 3160 was
865 3111 987 3175 probably
996 3112 1061 3161 their
1073 3113 1120 3174 day
1130 3112 1159 3159 os
1167 3119 1244 3160 meet-

142 3198 227 3236 esse:
246 3187 289 3236 the
306 3188 374 3237 Stoic
391 3188 512 3246 doctrine,
530 3189 584 3237 that
601 3188 680 3237 virtue
707 3188 828 3250 ing—9.
841 3188 876 3237 D.
888 3188 989 3250 Britti:
1004 3188 1173 3253 aprominent
1185 3203 1245 3249 gen·

141 3262 163 3311 is
180 3270 206 3311 to
224 3263 257 3311 be
274 3264 421 3313 considered
436 3265 479 3312 the
495 3265 553 3327 only
565 3266 680 3327 good—
707 3264 766 3322 eral,
790 3280 840 3313 cos.
866 3263 913 3326 138
932 3276 989 3323 inc„
1010 3266 1060 3314 and
1088 3281 1104 3313 s
1132 3280 1190 3312 man
1219 3263 1248 3311 os

142 3349 165 3403 5.
186 3338 302 3388 virtilte
312 3339 477 3398 inierifirfis,
492 3341 523 3404 os
530 3341 574 3387 less
586 3341 681 3404 impor-
707 3341 841 3389 cultivated
864 3346 935 3399 taste,
959 3357 1009 3389 was
1032 3340 1194 3404 grandfather
1220 3340 1248 3388 oi

141 3421 215 3462 lance
231 3415 294 3463 than
311 3415 475 3463 virtue-6.
498 3416 593 3465 credo
614 3452 620 3466 .
644 3452 650 3465 .
674 3452 680 3465 .
707 3417 818 3465 Caesar’s
835 3417 968 3468 assassin..

142 3490 302 3551 scaevola,
323 3491 439 3539 doubtless
455 3492 507 3539 also
516 3493 589 3557 from
609 3492 680 3540 Scae·
759 3505 796 3553 14.
819 3493 929 3541 summi
946 3529 952 3542 .
971 3529 977 3543 .
996 3530 1002 3541 .
1019 3493 1206 3543 amicissimi:
1229 3509 1244 3541 a

141 3567 199 3615 vola
210 3568 287 3623 here,·
305 3567 378 3615 crido
393 3568 414 3615 is
430 3568 624 3631 parenthetica13
646 3583 680 3616 sc.
707 3584 775 3616 noun
787 3569 906 3617 modified
920 3570 953 3632 by
964 3576 1013 3617 tu-'o
1026 3569 1160 3633 adjectives
1172 3584 1243 3631 regu-

141 3651 280 3707 quaerunt,
297 3650 343 3692 not
360 3660 498 3707 quaerere,·
516 3645 557 3692 hic
573 3645 593 3693 is
611 3644 679 3693 often
706 3644 767 3707 larly
778 3647 899 3710 precedes
917 3662 944 3695 or
962 3646 1058 3695 follows
1072 3646 1141 3705 both,
1155 3646 1200 3693 but
1212 3646 1244 3707 by

141 3721 205 3769 used
221 3720 251 3768 of
265 3736 313 3768 one
331 3720 357 3768 in
375 3722 418 3769 the
436 3736 567 3785 company,
582 3736 679 3770 accom·
705 3721 927 3784 separatingthem
937 3722 1106 3770 throwsthem
1117 3721 1179 3769 both
1191 3721 1245 3770 into

307 3816 344 3852 ns
355 3816 518 3853 sururm-
525 3817 541 3866 3
