2950 4159
564 329 729 382 cnlman
752 330 834 382 xxv.
1209 334 1251 402 95

198 506 271 552 eam
295 489 491 566 molestiam,
516 511 615 572 quam
648 490 772 553 debent
803 511 934 572 capere,
958 498 1025 554 non
1052 489 1198 572 capiunt,

197 615 271 657 eam
294 595 438 676 capiunt,
464 602 529 677 qua
555 595 678 658 debent
701 602 839 673 vacare;
868 603 1026 676 peccasse
1049 594 1137 658 enim
1163 602 1200 658 se

197 706 264 761 non
280 708 457 779 anguntur,
476 698 646 780 obiurgari
661 700 801 762 moleste
819 700 951 763 ierunt:
975 700 1064 782 quod
1082 705 1199 763 contri

197 802 380 884 oportebat,
399 803 519 866 delicto
535 804 657 878 dolere,
675 803 879 866 correctione
895 803 1049 884 gaudere.

159 927 172 973 s
239 906 347 970 XXV.
381 908 430 971 Ut
445 906 546 988 igitur
562 916 595 969 et
614 915 749 970 monere
765 916 799 970 et
816 914 942 969 moneri
958 907 1130 988 proprium
1146 917 1198 971 est
1214 918 1248 968 91

196 1017 294 1072 verae
311 1011 475 1074 amicitiae
496 1019 530 1073 et
548 1011 689 1074 alterum
711 1010 815 1074 libere
835 1011 957 1087 facere,
980 1019 1046 1073 non
1068 1019 1196 1092 aspere,

196 1115 336 1176 alterum
358 1115 524 1197 patienter
546 1114 706 1197 accipere,
727 1122 795 1177 non
816 1122 1052 1196 repugnanter,
1075 1126 1122 1178 sic
1144 1117 1199 1178 ha-

195 1217 342 1281 bendum
359 1227 410 1280 est
425 1218 550 1280 millam
566 1218 607 1280 in
620 1218 771 1281 amicitiis
789 1228 919 1300 pestem
944 1239 1018 1282 esse
1040 1219 1197 1283 maiorem

129 1346 133 1358 f
197 1342 296 1404 quam
312 1322 547 1398 adulationem,
564 1322 768 1399 blanditiam,
783 1322 1066 1400 adsentationem
1086 1344 1198 1405 quam-

146 1453 174 1485 10
197 1435 244 1488 vis
261 1426 349 1489 enim
371 1427 482 1489 multis
504 1426 693 1489 nominibus
715 1437 767 1489 est
791 1427 853 1490 hoc
874 1426 990 1489 vitium
1013 1428 1197 1490 notandum

196 1530 323 1593 levium
342 1530 514 1593 hominum
538 1541 638 1613 atque
661 1531 841 1607 fallacium,
863 1530 906 1593 ad
926 1531 1131 1594 voluntatem
1155 1532 1198 1594 lo

151 1620 153 1624 ’
196 1634 369 1716 quentium
399 1635 521 1710 omnia,
553 1626 634 1696 nihil
666 1635 707 1697 ad
734 1635 917 1698 veritatem.
979 1656 1054 1698 cum
1085 1645 1198 1698 autem
1213 1646 1249 1696 92

95 1729 101 1737 ¹
196 1739 344 1802 omnium
360 1746 470 1801 rerum
487 1738 654 1802 simulatio
669 1738 788 1801 vitiosa
803 1739 997 1802 est—tollit
1012 1738 1099 1801 enim
1118 1739 1198 1802 iudi-

196 1841 284 1905 cium
303 1850 374 1904 veri
391 1843 491 1925 idque
512 1843 822 1918 adulterat—tum
846 1842 1009 1906 amicitiae
1033 1850 1199 1924 repugnat

146 1967 173 2014 15
196 1946 356 2009 maixime:
388 1947 476 2010 delet
492 1947 581 2010 enirn
597 1946 780 2022 veritatem,
799 1946 870 2009 sine
892 1953 958 2028 qua
978 1955 1100 2009 nornen
1121 1957 1198 2009 ami-

196 2050 294 2112 citiae
312 2050 423 2114 valere
444 2058 511 2113 non
533 2059 652 2132 potest.
700 2070 779 2113 nam
800 2070 875 2112 cum
897 2050 1061 2113 amicitiae
1082 2061 1132 2113 vis
1156 2051 1198 2114 sit

197 2152 231 2214 in
252 2161 301 2229 eo,
323 2164 360 2217 ut
380 2161 467 2217 unus
488 2155 583 2236 quasi
604 2155 734 2218 animus
757 2155 820 2218 fiat
843 2174 884 2217 ex
906 2152 1066 2236 pluribus,
1089 2164 1146 2237 qui
1165 2155 1199 2216 id

197 2258 268 2322 fieri
283 2257 414 2339 poterit,
429 2267 457 2320 si
472 2265 514 2320 ne
531 2258 564 2320 in
583 2265 649 2320 uno
665 2257 799 2340 quidem
815 2265 947 2339 quoque
965 2265 1052 2319 unus
1068 2257 1199 2320 animus

197 2361 259 2424 erit
274 2361 429 2444 idemque
448 2381 590 2443 semper,
608 2361 667 2424 sed
683 2360 804 2436 varius,
821 2361 1074 2437 commutabilis,
1093 2362 1200 2424 multi-

145 2489 175 2521 20
198 2465 296 2549 plex?
342 2465 422 2547 quid
445 2465 534 2528 enim
558 2474 766 2547 potestesse
789 2474 857 2526 tam
881 2464 1032 2540 flexibile,
1054 2475 1123 2527 tam
1147 2467 1199 2527 de·
1216 2476 1251 2526 93

197 2569 287 2632 vium
312 2589 413 2652 quam
438 2568 568 2631 animus
593 2569 673 2644 eius,
700 2579 757 2652 qui
781 2569 824 2631 ad
848 2568 984 2632 alterius
1008 2576 1075 2632 non
1099 2569 1199 2633 modo

149 2761 170 2798 1.
187 2749 326 2810 capiunt:
345 2764 387 2797 see
402 2753 504 2812 onwno'n
516 2754 600 2811 potest,
615 2747 629 2810 ξ
645 2760 682 2808 ¹9·
711 2759 788 2807 nem,
802 2753 918 2795 constant
929 2754 1016 2806 assent,
1028 2747 1121 2811 arising
1133 2748 1196 2797 from
1208 2750 1252 2798 the

145 2838 210 2888 -3.
228 2825 310 2887 quod
330 2826 454 2874 conui:
480 2839 549 2872 some
570 2825 686 2873 consider
712 2823 802 2872 dislihe
811 2829 837 2870 to
846 2839 950 2886 oppose.
980 2824 1028 2872 See
1040 2825 1083 2882 D.,
1093 2841 1111 2873 s.
1121 2826 1251 2876 adsentire]

3 2891 7 2912 ¹
73 2922 77 2928 ¹
146 2907 236 2950 contrat
263 2916 290 2949 as
319 2915 334 2948 a
363 2901 518 2964 proposition
547 2901 686 2963 governing
711 2899 891 2961 -quamvis
913 2900 1028 2948 modifies
1050 2902 1152 2957 rooultis,⁸
1175 2902 1205 2964 by
1224 2918 1253 2950 as

147 2977 219 3041 quod,
234 2977 279 3025 but
290 2977 309 3025 it
321 2977 342 3024 is
353 2977 434 3025 better
448 2983 474 3024 to
490 2977 605 3025 cdnsider
623 2977 641 3025 it
659 2992 686 3025 as
712 2992 793 3039 many
804 2982 887 3024 terms·
896 2992 925 3023 as
936 2977 1042 3040 possible
1053 2984 1121 3025 must
1131 2994 1168 3026 we
1179 2979 1251 3026 chor·

147 3070 180 3101 an
198 3053 299 3111 adverb,
318 3052 427 3100 whereas
447 3069 478 3100 on
498 3053 537 3100 tlte
559 3059 686 3116 contrary,
712 3052 947 3101 acterizetlte'sve'ce.
1029 3069 1030 3072 ¹

147 3129 216 3192 quod
232 3128 309 3191 being
325 3128 351 3176 in
369 3129 412 3176 the
429 3143 497 3176 same
516 3129 686 3194 construction
764 3141 802 3190 13.
819 3128 951 3177 omnium
970 3129 1068 3177 rerum
1088 3129 1250 3189 simulatio,

147 3220 175 3252 as
187 3205 213 3252 in
225 3205 268 3252 the
280 3205 370 3268 phrase
383 3205 486 3267 quodsi.
519 3193 522 3199 ’
713 3220 787 3267 every
804 3205 877 3270 fiorm
903 3205 935 3269 of
954 3204 1133 3268 hypocrisy.-
1148 3217 1184 3268 17.
1211 3206 1252 3263 id,

197 3293 220 3342 9.
250 3280 464 3338 adulationem,
487 3281 618 3344 sawning,
644 3280 687 3328 the
713 3279 1194 3338 i.e.ve⁷rum.-18.finus=cdnsldns
1207 3295 1251 3344 op·

147 3356 220 3420 spirit
231 3356 284 3404 that
300 3356 374 3404 seehs
391 3363 417 3404 to
434 3355 493 3418 gain
510 3356 626 3418 personal
644 3357 688 3404 ad·
710 3357 790 3420 posed
802 3363 828 3404 to
840 3357 1020 3417 uarius-19.
1034 3355 1253 3406 idem=slabilis

147 3439 270 3494 vantages
282 3432 389 3494 through
402 3431 490 3480 servile
503 3431 605 3492 flattery.
633 3431 688 3478 The
717 3433 773 3492 (see
790 3429 873 3492 §62),
885 3431 999 3494 opposed
1018 3438 1044 3478 to
1061 3433 1252 3493 commritdbilis,

148 3509 219 3556 word
234 3508 255 3556 is
268 3508 328 3556 used
346 3507 375 3555 of
390 3509 459 3569 dogs.
468 3534 501 3542 -
510 3507 688 3555 blanditiam
715 3507 766 3555 and
777 3507 839 3554 both
852 3507 969 3568 together
982 3512 1008 3554 to
1021 3508 1161 3570 multiplex,
1172 3509 1255 3557 which

152 3583 262 3648 (usually
274 3583 299 3630 in
311 3584 355 3632 the
366 3583 466 3647 plural),
476 3583 539 3647 sair
551 3581 688 3645 speaking,·
715 3583 785 3641 here,
805 3598 833 3630 as
850 3582 875 3629 in
894 3583 907 3644 ξ
922 3583 962 3646 65,
982 3597 1068 3630 means
1086 3584 1211 3632 deceitful.
1221 3610 1256 3622 -

150 3660 193 3708 the
206 3659 293 3717 desire,
307 3660 448 3707 ostentimes
466 3659 580 3716 amiable,
593 3658 622 3705 of
636 3673 689 3720 say·
716 3671 782 3720 que,
802 3658 851 3715 but,
870 3673 898 3705 as
917 3657 987 3705 usual
1010 3658 1035 3705 in
1058 3673 1091 3706 an
1112 3658 1256 3707 affirmative

150 3736 195 3798 ing
214 3736 299 3798 things
319 3742 344 3783 to
365 3734 689 3798 please.—adsentt'iti<'>·
716 3734 846 3796 following
863 3750 878 3781 a
895 3734 1010 3796 negative
1028 3733 1119 3783 clause.
