2950 4159
229 309 272 376 70
705 309 854 360 mamus

279 474 341 548 pro
356 467 493 531 deorum
510 468 609 532 fidem
628 478 728 551 atque
744 468 926 543 hominum,
942 477 1000 550 qui
1012 467 1101 542 velit,
1118 476 1155 528 ut
1169 485 1281 548 neque

279 571 397 653 diligat
416 592 619 655 quemquam
641 593 703 636 nec
726 573 799 654 ipse
817 573 861 634 ab
879 573 948 635 ullo
962 572 1128 653 diligitur,
1144 571 1281 633 circum-

280 675 382 740 fluere
404 677 559 740 omnibus
581 677 686 758 copiis
705 687 807 759 atque
825 677 859 739 in
879 677 1028 740 omnium
1049 683 1160 738 rerum
1178 675 1282 736 abun-

279 780 393 844 dantia
413 782 547 844 vivere?
571 783 654 844 haec
675 781 766 844 enim
785 791 838 844 est
858 789 1075 866 tyrannorum
1094 789 1172 853 vita,
1189 788 1282 841 nimi

242 904 352 952 rrum
379 884 414 946 in
439 891 506 967 qua
533 886 625 947 nulla
648 886 741 960 fides
769 886 861 948 nulla
887 885 1017 960 caritas,
1040 884 1132 946 milla
1154 883 1281 945 stabilis

278 988 531 1052 benevolentiae
555 998 665 1070 potest
687 1009 763 1052 esse
785 989 920 1064 fiducia,
941 988 1054 1052 omnia
1076 1007 1209 1068 semper
1231 1007 1282 1048 su-

280 1102 396 1174 specta
406 1101 506 1175 atque
517 1081 665 1169 sollicita,
677 1094 790 1157 nullus
804 1094 897 1156 locus
913 1093 1089 1169 amicitiam
1106 1092 1180 1174 quis
1192 1091 1280 1152 enim
1296 1099 1337 1148 53

280 1206 337 1260 aut
352 1216 428 1259 eum
445 1197 570 1279 diligat,
585 1213 687 1279 quem
703 1207 840 1273 metuat,
853 1207 911 1260 aut
922 1218 1008 1272 eum,
1021 1205 1042 1259 a
1053 1204 1120 1279 quo
1132 1203 1169 1258 se
1179 1204 1284 1257 metui
1360 1200 1364 1204 '

280 1302 397 1382 putet?
464 1301 618 1364 coluntur
647 1311 761 1364 tamen
792 1301 1002 1364 simulatione
1033 1301 1205 1363 dumtaxat
1237 1299 1282 1360 ad

229 1425 257 1459 10
279 1414 431 1486 tempus:
455 1406 545 1486 quod
570 1413 598 1468 'si
619 1406 716 1481 forte,
737 1416 774 1468 ut
796 1407 834 1468 fit
857 1407 1061 1487 plerumque,
1081 1403 1280 1477 ceciderunt,

279 1517 351 1571 tum
368 1509 572 1591 intellegitur
587 1530 687 1591 quam
703 1509 829 1572 fuerint
844 1509 961 1591 inopes
977 1517 1173 1583 amicorum3
1192 1507 1282 1588 quod

279 1612 498 1695 Tarquinium
514 1613 637 1676 dixisse
653 1615 775 1689 lerunt,
789 1623 860 1677 tum
877 1611 1120 1697 [exsulantem]
1140 1619 1176 1674 se
1191 1611 1284 1673 intel-

279 1716 408 1792 lexisse,
424 1725 507 1799 quos
524 1718 611 1780 fidos
623 1726 748 1781 amicos
764 1718 945 1793 habuisset,
963 1725 1046 1799 quos
1061 1717 1194 1790 infidos
1207 1735 1282 1778 cum

280 1820 346 1883 iam
362 1830 488 1884 neutris
504 1821 645 1902 gratiam
662 1823 788 1884 referre
805 1831 937 1903 posset:
962 1840 1164 1903 quamquam
1183 1828 1284 1880 miror
1298 1828 1337 1876 54

231 1944 257 1992 15
279 1924 335 1987 illa
359 1925 514 2006 superbia
537 1935 571 1988 et
591 1925 842 2007 importunitate
865 1935 894 1988 si
915 1945 1117 2007 quemquam
1140 1933 1282 1986 amicum

281 2029 405 2092 habere
432 2028 548 2110 potuit.
610 2039 711 2110 atque
738 2040 775 2092 ut
802 2029 909 2104 huius,
938 2049 1038 2111 quem
1069 2029 1145 2102 dixi,
1172 2033 1280 2088 mores

280 2139 377 2196 veros
407 2140 531 2196 amicos
562 2153 679 2216 parere
710 2141 778 2196 non
810 2141 998 2215 potuerunt,
1027 2142 1075 2196 sic
1105 2131 1283 2194 multorum

229 2342 359 2406 participle
375 2342 421 2391 has
439 2342 529 2392 almost
545 2344 587 2392 the
604 2343 672 2392 soree
691 2343 720 2392 os
736 2360 769 2392 an
845 2357 868 2408 7.
886 2346 972 2407 quis.
988 2380 994 2393 .
1009 2380 1015 2392 .
1029 2347 1134 2406 puter:
1152 2343 1184 2392 cf.
1198 2342 1303 2390 “There
1315 2341 1338 2390 is

229 2419 394 2480 auxiliary.-
404 2431 423 2467 1.
441 2423 491 2468 ut.
505 2420 688 2482 ..dssigdtun
697 2421 769 2468 raith·
796 2437 829 2468 no
842 2421 894 2469 leat
909 2422 935 2468 in
951 2420 1016 2479 love,
1030 2421 1075 2469 but
1089 2420 1185 2484 perfect
1201 2419 1257 2467 love
1272 2423 1336 2467 cast·

229 2495 570 2558 outlovingorbeingloved.
597 2497 652 2543 The
665 2496 769 2558 English
796 2496 838 2544 eth
851 2497 979 2545 outlear.''
1011 2494 1266 2560 1J0hniv.18.-9.
1285 2506 1337 2543 οο·

229 2577 329 2634 present
347 2571 443 2634 passive
464 2571 594 2635 participle
614 2572 635 2619 is
654 2573 770 2636 supplied
795 2573 920 2621 luntur.
941 2608 947 2620 .
969 2608 974 2620 .
998 2571 1199 2631 simulatitiae,
1218 2572 1258 2619 i.e.
1276 2570 1338 2632 they

229 2647 255 2694 in
274 2647 347 2695 Latin
365 2647 398 2708 by
415 2662 430 2695 a
447 2647 569 2710 temporal
586 2647 677 2696 clause.
721 2649 769 2696 See
796 2649 891 2697 receive
909 2650 952 2696 the
968 2650 1079 2698 outward
1096 2649 1186 2697 tokens
1201 2647 1230 2696 ol
1242 2647 1336 2695 friend·

228 2723 305 2785 Nag„
327 2723 340 2785 §
358 2722 398 2783 96,
416 2738 441 2786 p.
459 2722 519 2784 3843
545 2727 615 2772 ut:
628 2725 673 2781 ita,
691 2740 719 2772 or
740 2729 770 2772 ed
795 2725 1060 2788 wip—dumtaxat
1072 2725 1185 2773 modilies
1199 2724 1242 2772 the
1253 2723 1336 2771 whole

229 2798 380 2858 condiciine,
399 2805 433 2847 ut.
478 2798 589 2848 Observe
612 2801 655 2848 the
677 2799 769 2861 logical
795 2801 937 2865 expression
955 2803 1012 2849 sim.
1028 2801 1066 2848 ad
1081 2808 1162 2864 temp„
1183 2804 1222 2848 ‘at
1240 2800 1304 2847 least
1321 2815 1337 2846 a

229 2880 412 2936 arrangement,
428 2873 544 2936 differing
560 2874 622 2922 from
640 2876 684 2923 the
702 2876 770 2938 Eng-
795 2883 936 2940 temporary
952 2878 1098 2939 regard'-
1110 2889 1146 2924 11.
1170 2876 1260 2938 quod,
1283 2874 1338 2923 and

228 2950 285 3008 bsh,
298 2950 340 2998 the
358 2950 487 2998 condition
505 2950 607 3012 coming
622 2951 708 3000 before
726 2952 769 3000 the
795 2954 844 3000 this
867 2954 889 3000 is
910 2953 996 3007 what:
1021 2969 1063 3001 see
1082 2959 1134 3000 no'n
1158 2953 1247 3016 igitur,
1266 2952 1280 3013 §
1296 2963 1334 3014 5¹·

230 3025 457 3074 fulminent-2.
480 3026 711 3076 circumfluere.
734 3063 766 3076 ..
794 3030 849 3077 The
875 3029 958 3078 clause
983 3029 1123 3091 beginning
1146 3029 1206 3076 with
1235 3036 1289 3075 lum
1315 3027 1336 3074 is

229 3102 341 3162 vivere,
364 3101 515 3164 hendiadys;
548 3104 638 3152 render
660 3105 770 3151 circum·
796 3106 993 3168 epexegetic.—
1008 3118 1044 3165 14.
1068 3104 1195 3167 gratiam
1218 3103 1335 3158 referre,

229 3180 315 3244 fluere
332 3178 363 3240 by
381 3193 413 3226 an
431 3179 533 3237 adverb,
547 3185 569 3226 lo
587 3180 636 3226 live
652 3180 771 3241 riolously
796 3188 954 3243 recompensa,
978 3182 1039 3229 used
1063 3181 1091 3228 oi
1110 3181 1172 3228 both
1195 3180 1261 3242 good
1285 3179 1334 3226 and

231 3256 260 3303 in
281 3254 319 3302 tlte
335 3255 469 3317 possession
493 3254 524 3318 os
539 3255 577 3301 all
596 3255 771 3317 splendore-
797 3257 1088 3318 bad—quamquam,
1100 3256 1217 3317 undyet,·
1234 3254 1336 3302 Laelius

229 3345 253 3391 4.
271 3330 410 3378 nimirum
427 3330 459 3378 ln
477 3331 544 3390 qui,
563 3346 615 3388 one,
629 3332 721 3392 surely,
741 3333 770 3379 in
797 3332 888 3380 doubts
907 3333 950 3380 the
974 3332 1111 3396 possibility
1131 3332 1160 3380 ol
1180 3332 1219 3379 his
1242 3330 1336 3392 having

230 3407 318 3455 which.
365 3406 440 3454 Some
461 3405 533 3469 place
554 3422 569 3454 a
589 3422 688 3454 comma
708 3407 771 3455 alter
797 3423 845 3469 any
857 3415 910 3457 true
923 3409 1023 3457 friends.

231 3487 367 3540 nimirum,
380 3482 424 3530 but
438 3481 488 3530 this
500 3482 567 3530 word
585 3482 674 3545 always
687 3499 772 3531 comes
849 3497 887 3548 15.
909 3485 969 3542 illa,
991 3485 1031 3532 his
1055 3483 1223 3542 well-known,
1251 3482 1336 3530 causal

231 3565 256 3607 at
274 3558 317 3606 the
334 3557 474 3620 beginning
491 3559 541 3606 and
557 3565 601 3607 not
618 3565 643 3606 at
661 3559 702 3607 the
721 3561 771 3608 end
797 3560 911 3608 ablative.
926 3561 1109 3620 -amicum,
1141 3558 1279 3623 appositive
1310 3557 1339 3606 of

231 3634 260 3682 ol
269 3634 384 3684 aclause.
417 3633 539 3699 (R.)-5.
557 3635 676 3684 stabilia
685 3649 772 3697 agrees
797 3637 1035 3699 quemquam—16.
1052 3640 1152 3698 atque,
1162 3636 1249 3698 again,
1258 3635 1337 3682 intro-

232 3710 291 3760 with
304 3710 491 3760 benevolentiae.
798 3713 874 3761 duces
892 3713 935 3761 the
953 3728 1009 3760 new
1025 3713 1097 3773 point
1115 3711 1144 3760 ol
1159 3712 1202 3759 the
1220 3709 1295 3758 effect
1310 3708 1340 3759 oi
