2950 4159
214 308 259 371 40
692 301 841 351 Laenius

265 458 337 535 rim,
355 466 498 541 quocum
520 458 600 523 mihi
622 458 802 521 coniuncta
824 465 904 520 cura
922 457 964 520 de
980 458 1113 539 publica
1129 465 1165 520 re
1180 467 1214 521 et
1229 457 1271 520 de
1321 520 1324 523 ,

267 570 395 644 privata
422 563 493 638 fuit,
520 570 661 644 quocum
690 572 723 624 et
750 561 868 624 domus
895 562 959 624 fuit
985 572 1019 624 et
1046 546 1161 624 militia
1185 583 1271 625 eom-

266 667 377 729 munis
390 677 423 729 et
435 667 477 742 id,
489 666 522 728 in
535 674 601 749 quo
612 675 663 729 est
680 666 788 729 omnis
798 676 847 729 vis
864 666 1036 742 amicitiae,
1050 667 1269 741 voluntatum,

267 772 459 847 studiorum,
489 770 728 833 sententiarum
757 790 886 832 summa
913 770 1096 833 consensio.
1159 771 1270 853 itaque

230 898 245 945 5
267 884 333 937 non
350 886 419 937 tam
436 876 499 937 ista
515 882 568 936 me
585 874 778 955 sapientiae,
794 895 893 956 quam
906 874 1005 937 modo
1019 874 1169 937 Fannius
1185 894 1271 937 corn-

267 979 471 1054 memoravit,
503 979 594 1041 fama
632 978 783 1054 delectat,
816 979 903 1041 falsa
933 979 1137 1059 praesertim,
1170 974 1277 1061 quam'

267 1083 356 1166 quod
373 1083 535 1145 amicitiae
556 1092 688 1146 nostrae
708 1082 902 1146 memoriam
919 1090 1017 1163 spero
1034 1083 1270 1164 sempiternam

267 1188 349 1263 fore,
367 1187 467 1269 idque
487 1195 527 1249 eo
545 1187 626 1248 mihi
645 1187 753 1267 magis
772 1195 823 1249 est
839 1187 939 1260 cordi,
957 1187 1045 1268 quod
1062 1207 1101 1248 ex
1118 1187 1271 1249 omnibus

268 1292 408 1354 saeculis
427 1291 481 1354 vix
504 1291 566 1353 tria
590 1300 647 1353 aut
670 1300 827 1372 quattuor
849 1290 1065 1353 nominantur
1083 1291 1175 1371 paria
1195 1301 1272 1353 ami-

220 1423 247 1455 10
267 1404 390 1472 corum,
423 1403 490 1478 quo
519 1396 552 1457 in
584 1415 707 1477 genere
740 1401 873 1475 sperare
904 1395 1018 1457 videor
1046 1395 1211 1476 Scipionis
1239 1405 1272 1458 et

270 1500 376 1563 Laelii
398 1499 577 1563 amicitiam
601 1507 713 1561 notam
738 1499 926 1579 posteritati
949 1499 1031 1562 fore.
1379 1583 1384 1590 ι

311 1604 467 1667 Fannius.
502 1605 592 1667 lstric
609 1602 752 1685 quidem,
769 1603 872 1676 Laeli,
887 1603 932 1664 ita
948 1622 1085 1665 necesse
1102 1612 1160 1665 est.
1201 1603 1269 1679 sed,
1288 1620 1323 1669 16

268 1709 425 1791 quoniam
445 1708 608 1769 amicitiae
628 1707 831 1769 mentionem
850 1706 960 1769 fecisti
978 1716 1012 1768 et
1030 1726 1146 1769 sumus
1165 1707 1270 1783 otiosi,

268 1819 460 1894 pergratum
477 1812 558 1874 mihi
577 1811 859 1892 feceris-spero
874 1810 953 1872 item
973 1811 1154 1874 Scaevolae
1164 1848 1215 1887 —,
1233 1822 1270 1887 si,

219 1942 245 1988 15
268 1936 367 1999 quem
391 1915 433 1978 ad
457 1916 592 1978 modum
620 1916 706 1978 soles
734 1916 775 1977 de
802 1922 920 1977 ceteris
944 1914 1052 1990 rebus,
1077 1935 1152 1977 curn
1176 1936 1218 1978 ex
1239 1924 1273 1978 te

268 2030 481 2103 quaeruntur,
508 2030 555 2082 sic
582 2020 624 2082 de
651 2019 796 2081 amicitia
823 2019 1004 2100 disputaris
1031 2018 1110 2101 quid
1137 2020 1270 2095 sentias,

253 2125 403 2208 ,qualem
424 2132 612 2200 existumes,
637 2143 721 2206 quae
746 2132 926 2205 praecepta
949 2123 1016 2185 des

314 2228 480 2292 Scaevola.
516 2228 601 2290 Mihi
625 2236 712 2304 vero,
738 2238 837 2310 atque
865 2227 898 2289 id
926 2227 1035 2308 ipsum
1063 2247 1138 2289 cum
1162 2235 1272 2290 tecum

268 2353 367 2414 agere
398 2340 545 2409 conarer,
579 2332 728 2395 Fannius
760 2331 959 2394 antevortit:
998 2352 1098 2413 quam
1129 2331 1172 2395 ob
1202 2353 1272 2396 rem

200 2461 246 2533 ,²⁰
268 2445 398 2520 utrique
420 2447 571 2500 nostrum
595 2444 726 2518 gratum
751 2433 931 2499 admodum
954 2435 1081 2499 feceris

218 2639 238 2687 is
256 2637 350 2687 seldom
370 2638 474 2686 omitted
494 2644 582 2701 except
601 2637 626 2685 in
644 2637 687 2685 the
706 2636 757 2685 first
784 2636 805 2683 is
824 2634 1000 2697 intentionally
1017 2636 1127 2699 adapted
1146 2642 1173 2684 to
1193 2636 1237 2684 the
1259 2636 1324 2685 free-

218 2730 318 2778 person.
327 2741 359 2749 —
369 2726 389 2762 1.
405 2713 611 2763 voluntatum:
632 2714 675 2761 the
688 2714 756 2761 word
784 2714 843 2761 dom
854 2712 884 2759 os
892 2712 1075 2760 conversation.

218 2791 336 2839 voluntds
355 2789 382 2838 in
402 2789 490 2837 Cicero
511 2789 650 2853 frequently
670 2805 757 2837 means
835 2801 872 2850 13.
898 2787 1000 2846 otiosi
1021 2788 1080 2854 free
1101 2789 1174 2852 srom
1203 2788 1322 2838 business.

218 2866 380 2914 ‘inclination
392 2866 418 2913 in
430 2865 543 2929 politics.'
575 2865 756 2927 cf.§§61,92.
784 2865 882 2912 Roman
897 2869 1033 2911 statesrnen
1045 2879 1110 2911 were
1122 2870 1190 2911 wont
1205 2870 1232 2912 to
1248 2865 1322 2913 retire

218 2968 250 2977 -
263 2942 285 2990 6.
308 2942 384 2990 falsa
408 2942 586 3002 praesertim
603 2960 627 2983 =
639 2949 756 3004 praeser-
784 2946 809 2987 to
819 2939 883 2987 their
892 2939 962 2987 villas
971 2947 996 2987 at
1008 2940 1051 2987 the
1063 2940 1136 2987 times
1148 2940 1177 2987 os
1185 2940 1228 2987 the
1236 2940 1322 3002 public

218 3019 263 3065 tien
279 3034 335 3065 cum
347 3017 419 3083 salsa
435 3018 475 3065 sit.
484 3016 546 3065 -8.
564 3017 660 3076 cordi,
675 3017 756 3079 pleas-
783 3031 876 3077 games,
886 3017 936 3063 and
945 3016 1016 3064 there
1026 3016 1128 3078 indulge
1138 3017 1163 3064 in
1176 3016 1322 3079 philosoph·

220 3096 270 3156 ing.
306 3094 355 3140 For
376 3093 418 3141 the
440 3092 636 3141 characteristics
658 3093 687 3140 ol
707 3093 757 3141 this
783 3092 831 3140 ical
849 3092 1000 3139 discussions
1016 3092 1106 3150 which,
1124 3100 1150 3139 to
1169 3092 1233 3140 their
1250 3108 1323 3155 prac-

218 3169 370 3232 predicative
387 3169 477 3227 dative,
493 3184 535 3216 see
551 3170 590 3226 R,
602 3167 650 3215 vol.
668 3168 692 3215 ii.
711 3184 753 3231 pp.
783 3167 841 3215 tical
855 3167 946 3224 minds,
958 3183 1023 3215 were
1039 3168 1178 3216 unsuitable
1195 3168 1233 3215 sor
1249 3168 1322 3216 other

218 3245 392 3304 xxv-lvi—9.
411 3245 482 3293 tria:
504 3244 617 3292 Theseus
631 3246 682 3292 and
697 3244 756 3291 Piri·
783 3244 863 3292 times.
885 3244 940 3291 The
953 3243 1025 3291 times
1034 3244 1063 3291 ol
1071 3243 1180 3292 Cicero's
1193 3244 1322 3306 dialogues

218 3322 300 3378 thous,
313 3320 425 3369 Achilles
441 3322 491 3368 and
506 3320 642 3378 Patroclus,
656 3320 757 3368 Orestes
784 3336 825 3367 are
836 3320 963 3382 generally
975 3320 1046 3367 those
1059 3319 1088 3367 of
1099 3320 1141 3367 the
1155 3320 1240 3382 public
1255 3320 1321 3369 sesti·

219 3398 267 3445 aml
283 3396 395 3458 Pylades.
405 3400 506 3455 -aut,
520 3412 550 3444 or
561 3404 667 3444 almost.
702 3397 757 3443 The
783 3396 883 3445 vals—
893 3409 930 3458 17.
943 3396 1062 3457 qualem
1075 3432 1080 3443 .
1094 3432 1100 3443 .
1113 3432 1119 3444 .
1131 3396 1201 3444 des:
1219 3396 1262 3444 the
1272 3402 1322 3444 two

220 3472 302 3521 fourth
318 3473 372 3535 pair
384 3488 435 3521 was
451 3474 550 3521 Damon
568 3474 618 3520 and
637 3472 757 3530 Phintias,
784 3473 879 3520 clauses
889 3472 987 3535 explain
997 3472 1067 3535 quid,
1077 3473 1127 3520 and
1136 3487 1192 3534 may
1202 3472 1233 3519 be
1243 3478 1321 3520 trans·

220 3549 350 3597 described
366 3549 392 3596 in
408 3550 448 3597 De
465 3550 512 3614 Off.
527 3561 550 3611 3,
562 3560 601 3613 45.
610 3576 642 3584 -
653 3561 688 3596 10.
709 3562 757 3610 ge·
783 3549 850 3597 lated
857 3564 926 3611 your
935 3549 999 3595 view
1007 3549 1080 3612 oftlie
1091 3548 1174 3611 theory
1183 3548 1321 3611 andprac-

219 3636 298 3682 nere,
316 3640 350 3673 sc.
369 3626 556 3673 amteilidrum.
592 3626 647 3673 The
665 3625 756 3683 clause,
783 3626 829 3672 lice
845 3624 1076 3689 ossriendslnp.-
1087 3637 1124 3686 19.
1142 3625 1320 3685 antevortit,

220 3700 245 3749 in
257 3701 388 3767 repeating
400 3701 443 3749 the
455 3701 512 3750 idea
524 3700 553 3748 of
564 3701 645 3765 quod.
659 3737 664 3750 .
678 3703 757 3766 .sore,
783 3701 944 3764 anticipateel.
