2950 4159
216 323 258 391 50
577 346 585 365 .
689 313 840 367 rasurus

264 498 307 541 an
334 487 423 541 esset
449 477 511 540 hoc
539 475 671 559 quidem
699 473 870 557 proprium
898 473 1070 550 amicitiae,
1099 475 1158 538 sed
1185 484 1265 538 anti-

264 582 359 669 quior
383 591 417 644 et
443 570 613 663 pulchrior
635 589 668 643 et
693 578 799 660 magis
826 585 845 640 a
872 585 991 641 natura
1016 578 1088 659 ipsa
1112 580 1264 659 profecta

263 686 327 749 alia
342 705 462 749 causa:
486 705 579 747 amor
595 683 692 758 enirn,
710 704 750 746 ex
766 690 832 764 quo
851 682 995 745 amicitia
1013 682 1183 774 nominata
1202 693 1261 760 est,

224 801 228 809 '
263 800 418 872 princeps
441 799 492 852 est
515 788 558 868 ad
580 786 848 851 benevolentiam
871 786 1156 868 coniungendam3
1185 808 1261 849 narn

262 998 471 1060 simulatione
490 996 653 1059 amicitiae
672 995 825 1058 coluntur
845 1003 879 1057 et
900 994 1118 1057 observantur
1138 1004 1262 1076 tempo

262 1102 306 1164 ris
330 1109 449 1178 causa‘13
478 1100 512 1163 in
537 1099 680 1163 amicitia
706 1107 818 1161 autern
845 1097 927 1159 nihil
951 1098 1068 1160 fictum
1095 1108 1154 1174 est,
1180 1099 1261 1161 nihil

262 1205 460 1280 simulatum,
477 1213 519 1279 et,
540 1202 696 1285 quicquid
714 1211 774 1277 est,
796 1201 830 1263 id
852 1211 904 1264 est
923 1208 1037 1264 verum
1062 1210 1095 1264 et
1115 1202 1262 1265 volunta-

261 1308 354 1371 rium.
397 1315 599 1390 quapropter
614 1313 633 1368 a
650 1313 769 1368 natura
788 1305 868 1367 mihi
883 1304 1014 1403 videtur
1032 1306 1143 1387 potius
1161 1327 1260 1388 quarn
1276 1318 1311 1371 27

212 1441 240 1475 ιο
261 1412 303 1475 ab
319 1411 503 1493 indigentia
522 1419 593 1473 orta
614 1410 767 1486 amicitia,
787 1409 1008 1490 adplicatione
1029 1409 1136 1490 magis
1159 1410 1261 1473 animi

261 1536 336 1579 curn
360 1515 503 1598 'quddam
528 1521 627 1577 sensu
652 1513 787 1575 amandi
809 1533 909 1595 quam
935 1512 1135 1594 cogitatidne
1160 1534 1261 1596 quan-

260 1630 330 1683 tum
356 1619 412 1682 illa
438 1627 491 1681 res
516 1617 665 1680 utilitatis
689 1626 779 1679 esset
803 1616 965 1679 habitura.
1013 1616 1101 1699 quod
1126 1618 1259 1699 quidem

261 1724 358 1806 quale
374 1723 416 1786 sit
434 1722 533 1785 etiam
554 1721 588 1783 in
608 1721 722 1787 bestiis
739 1720 938 1803 quibusdam
957 1720 1176 1783 animadverti
1191 1732 1260 1803 pot-

260 1836 320 1903 est,
337 1846 423 1908 quae
439 1846 479 1888 ex
495 1832 531 1888 se
550 1831 647 1887 natos
668 1824 714 1887 ita
736 1833 850 1886 amant
870 1823 913 1885 ad
938 1824 1104 1906 quoddam
1126 1835 1259 1907 tempus

211 1956 238 2003 15
260 1940 293 1993 et
314 1930 356 1993 ab
377 1940 424 1992 eis
445 1929 491 1991 ita
514 1937 677 2004 amantur,
699 1937 735 1990 ut
759 1928 857 1991 facile
880 1934 995 1990 earum
1020 1934 1138 1991 sensus
1161 1929 1260 2010 adpa-

259 2043 348 2098 reat:
376 2033 464 2115 quod
488 2032 522 2095 in
546 2032 679 2095 homine
702 2031 807 2094 multo
826 2040 879 2094 est
899 2030 1093 2108 evidentius,
1117 2021 1265 2113 primum

259 2158 300 2201 ex
315 2144 355 2200 ea
370 2136 516 2212 caritate,
537 2144 692 2218 quaeest
713 2135 799 2197 inter
818 2141 914 2197 natos
935 2144 969 2197 et
989 2143 1153 2216 parentes,
1174 2156 1259 2218 quae

259 2240 368 2304 dirimi
382 2240 447 2303 nisi
462 2239 649 2303 detestabili
667 2240 792 2302 scelere
813 2245 880 2301 nbn
901 2248 1022 2320 potest,
1041 2238 1162 2303 deinde
1183 2260 1258 2302 cum

209 2507 257 2557 vol.
266 2507 292 2556 ii.
305 2507 469 2571 1094.).—2.
483 2508 578 2569 magis
588 2543 593 2555 .
604 2543 610 2556 .
620 2542 626 2555 .
636 2518 743 2555 causa:
771 2506 895 2564 however,
914 2506 935 2554 is
955 2512 1000 2554 not
1022 2505 1112 2568 always
1134 2505 1263 2553 observed.
1274 2532 1309 2541 —

210 2582 229 2631 it
248 2583 269 2631 is
289 2598 316 2631 as
337 2584 447 2631 natural
463 2590 489 2632 to
512 2583 587 2631 make
609 2582 677 2645 good
700 2597 746 2629 our
775 2594 811 2631 10.
829 2582 1043 2643 adplicatldne,
1061 2582 1110 2630 abl.
1128 2581 1158 2629 oi
1172 2596 1308 2629 means.-

209 2659 339 2707 weakness
350 2660 383 2722 by
394 2659 437 2707 the
451 2659 493 2707 aid
507 2658 535 2707 of
547 2659 631 2707 others
645 2674 672 2706 as
689 2658 708 2705 it
725 2658 746 2706 is
774 2668 811 2704 11.
829 2661 987 2719 quantum:
1007 2673 1039 2706 an
1057 2656 1162 2705 unusual
1181 2663 1308 2705 construc-

210 2740 236 2782 to
253 2734 317 2793 love,
329 2734 375 2783 but
391 2735 480 2783 Cicero
498 2749 584 2782 means
602 2734 656 2782 that
673 2733 746 2781 affec·
772 2732 825 2780 tion
847 2733 877 2781 os
896 2748 911 2781 a
934 2733 1017 2781 clause
1040 2733 1186 2799 depending
1204 2748 1272 2797 upon
1292 2748 1307 2781 a

209 2810 263 2857 tion
274 2810 295 2858 is
306 2826 321 2858 a
333 2809 479 2873 productos
487 2817 574 2857 nature
586 2809 745 2871 irrespective
771 2808 856 2857 verbal
874 2824 951 2857 noun.
962 2836 995 2845 -
1006 2821 1043 2858 12.
1060 2809 1113 2857 ma
1130 2810 1180 2857 res
1193 2828 1217 2851 =
1231 2808 1304 2867 illud,

210 2885 238 2933 of
247 2900 296 2947 any
307 2886 374 2949 hope
386 2885 416 2933 os
424 2886 529 2947 gain—
535 2896 557 2949 5.
570 2885 609 2933 ab
620 2884 667 2941 11³,
673 2884 745 2948 from
772 2884 815 2933 the
830 2885 964 2933 formation
981 2883 1010 2933 of
1024 2884 1308 2947 friendship.—quod

209 2962 278 3009 those.
287 2987 320 2997 -
329 2961 352 3010 6.
369 2961 515 3022 temporis
533 2961 634 3018 causi,
650 2966 675 3007 to
693 2960 747 3008 suit
772 2960 925 3022 ...quala
940 2961 979 3008 the
995 2968 1088 3008 nature
1104 2962 1136 3025 os
1145 2961 1194 3009 tais
1205 2961 1307 3023 princi-

209 3037 248 3084 the
259 3038 376 3085 occasion.
409 3036 471 3100 (R.)
771 3036 822 3097 ple.
858 3035 907 3082 For
922 3034 965 3082 the
979 3034 1157 3093 construction,
1171 3034 1206 3083 H.
1225 3047 1281 3099 510,
1293 3035 1311 3081 6

258 3126 283 3174 9.
307 3113 410 3174 ponus
434 3148 441 3162 .
465 3149 470 3161 .
496 3148 501 3162 .
524 3111 636 3174 magis:
660 3112 746 3174 potius
772 3111 842 3175 (453,
851 3108 889 3174 3);
908 3111 944 3158 M.
955 3123 1044 3173 453,1;
1061 3112 1190 3168 A.201,e;
1208 3110 1307 3168 n.610;

185 3182 187 3185 ’
209 3204 296 3237 means
310 3188 418 3247 ‘better,’
432 3188 600 3252 ‘preferable’
616 3188 665 3235 and
680 3187 746 3235 indi·
764 3187 800 3257 .B·
813 3198 868 3251 251,
882 3186 991 3250 7.-16.
1010 3186 1093 3247 quod
1107 3185 1181 3249 (in):
1200 3184 1251 3232 like
1264 3184 1307 3231 the

209 3271 277 3313 cates
286 3281 318 3313 an
329 3264 450 3313 exclusive
460 3264 618 3329 comparison
631 3264 745 3311 between
771 3262 907 3325 preceding
919 3262 988 3325 quod,
1001 3262 1050 3310 this
1062 3261 1138 3309 refers
1150 3267 1176 3309 to
1190 3260 1232 3307 the
1247 3275 1306 3321 gen-

209 3347 258 3389 two
275 3341 445 3400 alternatives;
467 3356 516 3389 one
531 3341 552 3389 is
566 3340 643 3388 taken
660 3345 686 3387 to
702 3339 745 3387 the
772 3338 823 3386 eral
838 3338 1049 3402 principle—17.
1067 3349 1143 3399 quae
1156 3371 1162 3385 .
1175 3372 1181 3384 .
1195 3372 1201 3385 .
1213 3348 1304 3398 quae:

209 3417 336 3483 erclusion
350 3417 379 3465 of
393 3417 436 3465 the
453 3417 537 3476 other;
561 3417 642 3479 magis
659 3430 745 3463 means
771 3415 814 3462 the
824 3415 918 3462 second
930 3430 994 3477 quae
1005 3414 1050 3461 has
1062 3413 1100 3461 ior
1111 3429 1144 3461 an
1157 3413 1307 3460 antecedent

208 3482 307 3551 ‘morel
319 3493 370 3542 and
382 3492 530 3541 indicatesa
546 3492 640 3541 certain
653 3493 744 3553 degree
771 3491 884 3547 caritate,
900 3490 1018 3538 modified
1036 3490 1067 3551 by
1085 3490 1128 3537 the
1145 3488 1227 3537 clause
1244 3503 1307 3550 quae

209 3567 238 3616 of
246 3568 289 3617 the
299 3568 392 3631 quality
401 3567 428 3615 in
437 3568 480 3615 the
489 3567 584 3630 objects
594 3567 742 3630 compared:
771 3601 777 3613 .
791 3600 796 3614 .
810 3602 816 3613 .
827 3570 956 3628 parentis.
965 3590 998 3599 -
1011 3564 1047 3612 18.
1068 3564 1176 3613 deinde
1188 3575 1271 3612 cum:
1291 3578 1307 3610 a

209 3644 275 3702 thus,
288 3644 430 3706 indigentia
447 3643 468 3691 is
485 3650 529 3691 not
547 3644 668 3706 regarded
685 3658 712 3690 as
729 3657 745 3689 a
771 3640 967 3689 conversational
985 3640 1082 3701 change
1095 3640 1158 3687 from
1170 3639 1259 3686 deinde
1275 3655 1307 3685 ex

209 3720 307 3782 ground
335 3718 364 3767 oi
388 3718 534 3783 friendship,
560 3719 604 3766 but
632 3717 747 3781 cogitati&
770 3716 858 3775 simili,
876 3716 1073 3779 corresponding
1089 3721 1115 3763 to
1129 3719 1247 3779 primum
1264 3729 1303 3762 ex.
