2950 4159
575 270 740 318 chaerea
763 270 875 317 xxvrr.
1221 276 1278 339 103

214 427 347 510 quidem
363 427 532 509 senserim,
551 426 633 489 nihil
649 428 761 490 audivi
776 448 816 490 ex
832 436 872 490 eo
888 428 960 510 ipse
977 429 1065 511 quod
1082 428 1213 505 nollem,

214 540 279 594 una
303 532 421 595 domus
442 541 522 607 erat,
540 532 627 595 idem
647 542 754 595 victus
777 532 870 615 isque
894 532 1088 608 communis,
1106 553 1216 615 nequev

213 637 319 698 solum
350 635 474 712 militia,
500 636 559 699 sed
589 636 688 699 etiam
718 626 1005 718 peregrinationes
1032 636 1214 700 rusticatio

213 748 338 822 nesque
361 748 563 803 communes.
610 761 688 803 nam
712 740 792 823 quid
816 749 879 827 ego
903 741 944 803 de
968 741 1084 803 studiis
1106 743 1214 804 dicam
1226 752 1279 803 104

185 845 437 925 scognoscendi
456 865 589 926 semper
608 844 732 928 aliquid
752 854 852 927 atque
870 845 1027 922 discendi,
1045 845 1078 907 in
1095 845 1214 928 quibus

212 957 330 1012 remoti
354 949 396 1012 ab
424 950 527 1012 oculis
555 950 670 1032 populi
693 970 792 1013 omne
817 949 960 1012 otiosum
983 959 1116 1032 tempus
1139 971 1215 1014 con-

212 1053 385 1116 trivimus?
409 1061 547 1135 quirum
562 1061 671 1117 rerum
687 1053 872 1117 recordatio
885 1064 918 1117 et
930 1054 1088 1117 memoria
1105 1065 1132 1118 si
1148 1062 1214 1117 una

213 1178 287 1221 cum
311 1157 367 1220 ilio
390 1158 573 1234 occidisset,
602 1157 803 1221 desiderium
827 1157 1090 1221 coniunctissimi
1114 1168 1214 1241 atque

213 1262 431 1324 amantissimi
452 1262 514 1324 viri
535 1263 624 1325 ferre
648 1262 741 1325 nullo
765 1262 864 1325 modo
887 1282 1039 1344 possem;
1069 1263 1128 1325 sed
1151 1284 1213 1327 nec

172 1394 200 1426 10
212 1365 267 1428 illa
282 1371 445 1428 exstincta
460 1376 538 1428 sunt
554 1366 753 1449 alunturque
772 1366 883 1448 potius
899 1376 932 1429 et
948 1375 1114 1448 augentur
1128 1366 1215 1448 cogi-

212 1470 336 1533 tatione
367 1479 400 1532 et
431 1470 589 1534 memoria
620 1478 703 1547 mea,
732 1480 774 1546 et,
804 1480 832 1533 si
861 1470 924 1533 illis
952 1471 1051 1552 plane
1078 1471 1214 1534 orbatus

212 1594 329 1649 essem,
347 1581 506 1655 magnum
526 1584 639 1638 tamen
658 1575 807 1637 adferret
825 1574 906 1636 mihi
925 1582 1017 1637 aetas
1039 1575 1112 1657 ipsa
1133 1576 1214 1638 solei-

212 1678 317 1755 cium3
346 1678 469 1741 diutius
496 1679 586 1742 enim
612 1679 677 1742 iam
705 1680 738 1741 in
766 1680 829 1742 hoc
857 1679 1020 1742 desiderio
1047 1700 1120 1743 esse
1145 1689 1213 1742 non

211 1803 366 1865 possum3
391 1784 502 1846 omnia
525 1794 636 1847 autem
657 1784 772 1847 brevia
791 1783 975 1846 tolerabilia
990 1804 1064 1847 esse
1080 1784 1212 1861 debent,

171 1909 198 1957 15
211 1887 310 1950 etiam
327 1897 355 1949 si
369 1895 492 1969 magna
509 1898 595 1951 sunt.

257 1993 352 2055 Haec
377 1992 479 2058 habui
502 1993 544 2056 de
567 1991 710 2055 amicitiai
733 2012 820 2075 quae
839 1991 1002 2055 dicerem:
1026 2002 1213 2057 vosautem

211 2096 325 2159 hortor
347 2088 383 2159 ut
406 2096 452 2160 ita
466 2096 624 2160 virtutem
647 2096 770 2173 locetis,
789 2096 860 2159 sine
884 2104 950 2179 qua
973 2097 1116 2160 amicitia
1139 2117 1214 2161 esse

211 2208 278 2263 non
302 2208 421 2283 potest,
439 2210 475 2264 ut
497 2208 537 2264 ea
560 2208 699 2284 excepta
718 2201 801 2264 nihil
819 2200 962 2263 amicitia
982 2200 1213 2283 praestabilius

211 2305 342 2386 putetis.

170 2516 209 2565 ie.
230 2516 263 2563 do
286 2514 408 2577 anything
432 2520 458 2562 at
480 2513 564 2561 which
589 2514 622 2561 he
647 2514 708 2562 took
736 2514 779 2561 the
789 2528 888 2577 process
898 2512 927 2561 ol
936 2513 1163 2578 attainment.—7.
1181 2527 1277 2565 recor·

170 2590 345 2652 offense-3.
368 2589 602 2639 rusticationem
627 2590 652 2637 in
672 2592 711 2637 De
736 2589 821 2638 datio
833 2593 866 2639 et
878 2590 1030 2650 memoria,
1044 2590 1083 2637 the
1087 2590 1161 2655 fresh
1173 2607 1277 2639 remem-

174 2668 217 2716 Or.
231 2668 266 2715 ΙΙ.
279 2680 320 2723 22,
333 2666 422 2714 Cicero
433 2681 489 2727 says
504 2666 533 2713 of
548 2666 648 2713 Laelius
660 2667 709 2714 and
736 2666 835 2715 brance.
864 2666 911 2715 See
921 2682 954 2713 on
962 2666 1109 2731 fides,§19.
1138 2668 1276 2726 Memoria,

170 2743 268 2806 Scipio:
288 2747 325 2790 eds
337 2741 523 2790 incredibiliter
537 2748 710 2805 repuerascere
736 2758 764 2790 as
779 2742 822 2790 the
836 2758 905 2790 more
923 2741 1024 2804 general
1039 2749 1110 2801 term,
1123 2744 1206 2791 would
1222 2751 1276 2793 nat·

169 2820 250 2867 solitis
261 2834 308 2866 esse
325 2834 382 2865 cum
395 2823 442 2865 reis
458 2834 489 2865 ex
507 2818 567 2866 urbe
577 2825 709 2881 tamquam
736 2818 814 2880 urally
836 2833 908 2867 come
932 2819 990 2867 first.
1042 2819 1090 2868 See
1113 2835 1147 2867 on
1170 2820 1277 2885 §75—

170 2901 183 2944 ὶ
205 2897 296 2945 vineses
316 2898 496 2954 evolavissent:
525 2899 575 2946 and
600 2895 710 2953 Horace,
740 2907 776 2943 10.
794 2895 982 2956 alunturque,
997 2910 1025 2943 as
1042 2895 1111 2943 often
1126 2912 1173 2959 que
1187 2896 1232 2944 has
1244 2912 1276 2945 an

171 2973 224 3022 Sat.
237 2974 272 3021 11.
285 2986 308 3031 2,
322 2986 360 3037 74,
375 2985 414 3037 75,
426 2973 583 3037 inspeaking
598 2972 627 3020 of
641 2972 709 3019 them
737 2972 890 3019 adversative
919 2972 986 3020 force
1017 2972 1091 3020 when
1118 2973 1277 3035 introducing

170 3050 221 3098 aud
233 3050 344 3098 Lucilius
361 3064 430 3112 says:
451 3050 549 3112 migdri
564 3064 620 3097 cum
634 3049 712 3096 illuct
737 3064 769 3096 an
793 3048 937 3095 affirmative
964 3048 1092 3110 following
1119 3064 1134 3096 a
1161 3048 1276 3110 negative

170 3126 288 3173 discincti
293 3126 380 3173 ludere
388 3126 463 3173 ddnec
475 3125 650 3189 &coqueretur
658 3126 711 3173 olus
737 3125 827 3173 clause.
840 3152 873 3160 -
885 3138 920 3187 13.
945 3124 1068 3182 diutius,
1091 3139 1152 3186 very
1174 3125 1277 3187 long.—

170 3202 243 3250 soliti.
425 3245 427 3248 .
736 3201 828 3249 nihil.
844 3237 850 3250 .
865 3237 871 3250 .
885 3200 1015 3262 putEtie:
1035 3200 1106 3248 there
1125 3200 1146 3247 is
1165 3215 1198 3247 no
1218 3216 1276 3247 con·

221 3289 243 3343 5.
264 3278 472 3340 otigndscendi
488 3312 495 3326 .
514 3314 521 3327 .
539 3314 545 3326 .
563 3278 710 3335 discendi,
737 3278 871 3327 tradiction
889 3277 948 3325 here
966 3282 992 3324 to
1011 3275 1024 3336 ἓ
1041 3288 1078 3339 17,
1097 3277 1180 3324 where
1197 3276 1276 3325 virtue

170 3352 308 3418 knowledge
335 3355 392 3402 and
414 3354 573 3402 instruction.
620 3355 710 3416 Inqui-
737 3353 758 3401 is
768 3353 857 3416 placed
866 3354 892 3400 in
902 3354 1014 3401 advance
1023 3352 1052 3400 ol
1061 3351 1093 3400 all
1103 3353 1174 3399 other
1184 3351 1276 3414 things,

171 3430 251 3478 rendi
270 3430 376 3493 aliquid
392 3429 563 3492 cogredscimus¹
584 3429 713 3477 audienda
737 3428 866 3476 inasmuch
887 3444 914 3476 as
925 3428 1004 3476 virtue
1025 3428 1046 3476 is
1064 3428 1107 3476 the
1127 3427 1277 3477 foundation

170 3507 332 3569 potissimum
360 3506 484 3554 adscimus.
537 3505 592 3553 The
619 3505 710 3553 former
736 3506 787 3553 and
799 3510 903 3568 support
915 3504 943 3553 ol
952 3504 1097 3569 friendship.

170 3580 247 3631 refers
258 3598 327 3632 more
339 3589 366 3630 to
380 3582 423 3629 the
437 3581 532 3641 results,
545 3581 587 3630 the
598 3580 672 3630 latter
683 3587 709 3629 to
731 3636 745 3655 ,
