2950 4159
586 322 750 371 CHAFFER
772 322 842 370 XVI.
1080 379 1082 384 ,
1226 327 1263 393 71

217 489 298 562 opes
322 479 591 562 praepotentium
614 478 795 542 excludunt
818 478 979 541 amicitias
1000 477 1125 542 fidelis:
1150 489 1217 542 non

217 584 305 648 enim
332 583 439 647 solum
466 583 539 665 ipsa
567 585 716 646 Fortuna
744 584 844 645 caeca
867 592 927 658 est,
953 583 1011 645 sed
1036 590 1093 646 eos
1117 583 1217 646 etiam

217 689 412 772 plerumque
436 687 536 751 efficit
559 695 684 762 caecos,
708 695 791 769 quos
815 687 988 767 complexa
1011 697 1080 764 est;
1105 687 1218 770 itaque

217 794 403 858 efferuntur
430 793 501 854 ieri:
528 791 663 854 fastidio
689 801 723 854 et
749 790 966 866 contumacia,
994 811 1104 873 neque
1132 792 1219 874 quic-

180 919 194 966 s
217 917 316 979 quam
338 895 518 978 insipiente
541 896 712 958 iortt'maito
735 893 974 958 intolerabilius
997 896 1069 957 fieri
1094 905 1216 976 potest.

217 1011 318 1082 atque
345 1001 407 1063 hoc
434 999 569 1082 quidem
592 999 704 1062 videre
727 999 814 1075 licet,
839 1007 905 1074 eos,
931 1009 988 1080 qui
1010 1008 1109 1061 antea
1132 1020 1219 1062 com·

146 1179 149 1186 Ι
218 1105 323 1167 modis
346 1103 470 1166 fuerint
493 1104 648 1180 moribus,
673 1103 821 1185 imperio,
846 1110 1020 1184 potestate,
1050 1111 1218 1185 prosperis

152 1258 156 1265 .
217 1209 316 1271 rebus
332 1209 508 1284 immutari,
526 1217 638 1290 sperni
656 1208 698 1269 ab
717 1207 757 1270 iis
772 1214 902 1270 veteres
924 1207 1094 1283 amicitias,
1114 1207 1219 1271 indul-

218 1320 289 1394 geri
303 1321 406 1375 novis.
450 1311 529 1393 quid
545 1321 657 1374 autem
674 1310 807 1374 stultius
823 1331 933 1393 quam,
947 1331 1023 1373 cum
1040 1311 1218 1392 plurimum
1234 1322 1269 1372 55

168 1443 196 1476 10
217 1416 331 1498 copiis,
346 1415 569 1491 facultatibus,
583 1415 702 1497 opibus
716 1415 854 1496 possint,
869 1422 979 1478 cctera
992 1422 1119 1496 parire,
1133 1436 1218 1497 quae

218 1530 378 1601 parantur
402 1519 553 1601 pecuniis,
575 1526 687 1601 equos,
710 1518 864 1609 famulos,
886 1528 1014 1582 vestem
1038 1519 1217 1600 egregiam,

218 1631 299 1687 visa
326 1623 479 1705 pretiosa,
505 1630 628 1686 amicos
655 1629 722 1684 non
751 1629 878 1703 parire,
904 1622 1063 1704 optimam
1091 1633 1124 1686 et
1151 1624 1220 1704 pul-

218 1727 414 1791 cherrimam
431 1735 527 1802 vitae,
546 1736 582 1789 ut
601 1726 647 1789 ita
665 1726 783 1802 dicam,
802 1726 1064 1807 supellectilem?
1095 1726 1219 1797 etenim

219 1839 329 1895 cctera
355 1851 430 1894 curn
458 1840 587 1911 parant,
617 1840 670 1893 cui
700 1840 820 1911 parent
850 1830 1002 1893 nesciunt
1032 1851 1095 1894 nec
1126 1831 1219 1894 cuius

170 1957 195 2004 ις
218 1942 318 1998 causi
342 1935 510 2012 laborent3
544 1934 614 1998 eius
638 1935 726 1997 enim
750 1945 801 1998 est
824 1934 962 1997 istorum
985 1934 1141 2018 quidque,
1163 1945 1221 2017 qui

218 2039 322 2103 vincit
336 2039 478 2102 viribus:
503 2038 720 2102 amicitiarum
742 2059 802 2101 sua
823 2039 940 2121 cuique
962 2050 1137 2120 permanet
1158 2049 1221 2102 sta-

219 2144 293 2207 bilis
309 2154 343 2208 et
358 2153 449 2207 certa
465 2143 641 2226 possessio,
657 2152 702 2218 ut,
718 2142 819 2206 etiam
836 2153 863 2205 si
879 2143 934 2204 illa
950 2153 1116 2219 maneant,
1134 2164 1220 2225 quae

220 2257 299 2311 sunt
314 2247 412 2330 quasi
431 2248 518 2310 dona
540 2249 719 2322 Fortunae,
742 2256 854 2309 tamen
873 2255 941 2309 vita
964 2246 1088 2310 inculta
1111 2257 1145 2310 et
1168 2248 1221 2310 de-

220 2361 309 2416 serta
332 2352 375 2414 ab
398 2361 512 2414 amicis
535 2359 602 2413 non
627 2350 732 2433 possit
756 2370 830 2413 esse
853 2350 1006 2413 iucunda.
1055 2351 1114 2414 sed
1137 2351 1220 2415 haec

169 2484 198 2517 ω
220 2457 391 2519 hactenus

264 2561 358 2624 XVI.
392 2557 624 2624 Constituendi
639 2568 751 2621 autem
768 2567 854 2632 sunt,
871 2567 928 2639 qui
943 2557 1009 2620 sint
1028 2557 1061 2620 in
1078 2558 1221 2622 amicitia
1236 2569 1273 2620 56

219 2665 308 2727 fines
324 2673 357 2726 et
376 2663 471 2746 quasi
489 2662 621 2726 termini
641 2662 818 2743 deligendi,
839 2661 881 2724 de
903 2661 1022 2743 quibus
1044 2671 1104 2725 tris
1125 2662 1222 2725 video

169 2892 282 2956 political
305 2892 436 2951 influence,
461 2897 566 2955 opis-
579 2904 599 2939 1.
624 2904 707 2953 prae·
734 2889 829 2939 clauses
838 2890 1190 2953 markingacontrast.-·16.
1203 2890 1272 2939 ami·

168 2969 348 3030 potentium,
363 2969 500 3032 appositive
517 2968 546 3015 of
560 2968 706 3015 multirum.
734 2967 1272 3030 citiarum,appositivegenitive,attraetcd

170 3045 217 3094 See
242 3061 275 3092 on
298 3045 391 3092 multae
414 3052 438 3092 et
461 3049 561 3107 migne,
585 3045 598 3103 §
622 3056 661 3105 30.
675 3070 708 3078 -
735 3043 798 3091 from
815 3045 945 3091 amicitiae
964 3060 1032 3091 sicne.
1076 3043 1213 3100 Translate,
1232 3043 1275 3089 bui

169 3134 192 3181 4.
209 3120 341 3177 fastidio,
358 3120 535 3183 hauglstiness;
554 3121 707 3168 contumi-
734 3118 792 3167 ea'ch
804 3119 1033 3184 one’ssriendsln'ps
1045 3136 1090 3166 are
1101 3136 1117 3166 α
1127 3120 1270 3182 possession.

169 3196 227 3254 cli,
240 3197 581 3261 sels-wilL—qulcquam:
600 3195 651 3243 like
667 3198 707 3244 ni·
733 3208 811 3259 -17.
828 3198 865 3244 ut:
881 3202 1000 3244 connects
1012 3194 1275 3258 grammaticallyper-

168 3271 213 3327 hil,
226 3274 360 3335 quisquam
374 3273 394 3320 is
406 3272 475 3320 osten
492 3273 553 3320 used
569 3272 594 3319 in
606 3272 708 3333 general
735 3278 821 3320 manet
831 3273 879 3320 and
887 3273 972 3335 possit,
986 3272 1030 3319 but
1047 3271 1162 3333 logically
1174 3271 1193 3318 it
1207 3286 1274 3319 sums

169 3348 388 3411 comparisons.—
397 3361 418 3412 5.
438 3348 599 3408 insipiente
616 3347 707 3396 tortu·
734 3364 768 3411 up
786 3348 829 3395 the
841 3347 923 3395 whole
940 3348 1044 3405 section,
1057 3348 1156 3395 “What
1170 3347 1191 3394 is
1205 3362 1274 3395 more
1371 3360 1374 3366 ·

169 3423 252 3482 nato,
262 3423 430 3488 upstart.-8.
446 3423 548 3485 sperni
557 3458 562 3471 .
573 3458 579 3470 .
590 3459 595 3469 .
604 3423 691 3472 novis
700 3441 705 3470 :
735 3423 824 3471 ioolish
836 3424 896 3471 than
905 3430 931 3472 to
940 3424 1029 3485 gather
1041 3423 1182 3486 perishable
1191 3423 1275 3484 things

168 3499 306 3548 bracketed
324 3501 356 3562 by
371 3501 408 3559 B,
426 3501 534 3548 because
552 3499 663 3561 wanting
682 3499 708 3547 in
735 3500 784 3548 and
797 3499 896 3560 neglect
908 3499 1054 3562 friendship‚
1064 3498 1145 3546 which
1158 3499 1179 3546 is
1191 3514 1206 3546 a
1217 3498 1274 3546 last·

168 3577 212 3624 the
226 3576 336 3624 Parisian
349 3577 397 3625 Ms.
735 3575 779 3637 ing
790 3576 938 3639 possession,
951 3576 1037 3635 seeing
1049 3575 1127 3631 that,”
1140 3583 1185 3622 etc.

222 3664 258 3700 Η.
277 3657 403 3710 vestem,
416 3659 571 3715 tupestry.-
581 3663 617 3700 12.
638 3651 708 3700 ami-
786 3664 823 3698 22.
841 3651 926 3707 flues,
938 3652 1097 3706 boundarirs,
1110 3644 1209 3698 aslines
1221 3651 1275 3699 that

169 3727 238 3778 οόεε
264 3730 401 3791 asyndeton
419 3729 439 3777 is
456 3742 573 3777 common
594 3727 620 3775 in
640 3728 709 3775 short
736 3742 791 3790 may
804 3727 835 3774 be
853 3727 988 3790 changed;
1007 3726 1135 3785 termini,
1149 3727 1235 3785 limits,
1248 3740 1275 3773 as
