<?xml version="1.0" encoding="UTF-8"?>
<!DOCTYPE html PUBLIC "-//W3C//DTD XHTML 1.0 Transitional//EN"
    "http://www.w3.org/TR/xhtml1/DTD/xhtml1-transitional.dtd">
<html xmlns="http://www.w3.org/1999/xhtml" xml:lang="en" lang="en">
 <head>
  <title>
</title>
<meta http-equiv="Content-Type" content="text/html;charset=utf-8" />
  <meta name='ocr-system' content='tesseract 3.04.00' />
  <meta name='ocr-capabilities' content='ocr_page ocr_carea ocr_par ocr_line ocrx_word'/>
</head>
<body>
  <div class='ocr_page' id='page_1' title='image "./mtulliciceronis00lordgoog_0091.png"; bbox 0 0 2950 4159; ppageno 0'>
   <div class='ocr_carea' id='block_1_1' title="bbox 592 301 1271 379">
    <p class='ocr_par' dir='ltr' id='par_1_1' title="bbox 592 301 1271 379">
     <span class='ocr_line' id='line_1_1' title="bbox 592 301 1271 379; baseline 0.004 -29"><span class='ocrx_word' id='word_1_1' title='bbox 592 302 757 351; x_wconf 82' lang='lat' dir='ltr'><strong>CHAPTER</strong></span> <span class='ocrx_word' id='word_1_2' title='bbox 779 304 850 351; x_wconf 89' lang='lat' dir='ltr'>XXI.</span> <span class='ocrx_word' id='word_1_3' title='bbox 1233 301 1271 379; x_wconf 73' lang='grc'>85</span> 
     </span>
    </p>
   </div>
   <div class='ocr_carea' id='block_1_2' title="bbox 170 459 1422 2109">
    <p class='ocr_par' dir='ltr' id='par_1_2' title="bbox 170 459 1422 2109">
     <span class='ocr_line' id='line_1_2' title="bbox 221 459 1224 540; baseline 0.004 -17"><span class='ocrx_word' id='word_1_4' title='bbox 221 460 404 535; x_wconf 82' lang='lat' dir='ltr'>comedem,</span> <span class='ocrx_word' id='word_1_5' title='bbox 419 459 509 540; x_wconf 88' lang='lat' dir='ltr'>apud</span> <span class='ocrx_word' id='word_1_6' title='bbox 526 479 625 540; x_wconf 94' lang='lat' dir='ltr'>quem</span> <span class='ocrx_word' id='word_1_7' title='bbox 641 470 713 521; x_wconf 93' lang='lat' dir='ltr'>erat</span> <span class='ocrx_word' id='word_1_8' title='bbox 729 460 898 537; x_wconf 71' lang='lat' dir='ltr'>educatus</span> <span class='ocrx_word' id='word_1_9' title='bbox 913 462 1025 525; x_wconf 92' lang='lat' dir='ltr'>multis</span> <span class='ocrx_word' id='word_1_10' title='bbox 1041 482 1117 526; x_wconf 91' lang='lat' dir='ltr'>cum</span> <span class='ocrx_word' id='word_1_11' title='bbox 1133 464 1224 527; x_wconf 90' lang='lat' dir='ltr'>lacri-</span> 
     </span>
     <span class='ocr_line' id='line_1_3' title="bbox 221 561 1222 651; baseline 0.005 -25"><span class='ocrx_word' id='word_1_12' title='bbox 221 574 283 627; x_wconf 96' lang='lat' dir='ltr'>mis</span> <span class='ocrx_word' id='word_1_13' title='bbox 300 564 362 625; x_wconf 90' lang='lat' dir='ltr'>iter</span> <span class='ocrx_word' id='word_1_14' title='bbox 374 583 471 625; x_wconf 91' lang='lat' dir='ltr'>suum</span> <span class='ocrx_word' id='word_1_15' title='bbox 488 561 724 643; x_wconf 83' lang='lat' dir='ltr'><strong>impedientem</strong></span> <span class='ocrx_word' id='word_1_16' title='bbox 742 564 856 627; x_wconf 89' lang='lat' dir='ltr'>audire</span> <span class='ocrx_word' id='word_1_17' title='bbox 868 565 1035 631; x_wconf 88' lang='lat' dir='ltr'>voluisset.</span> <span class='ocrx_word' id='word_1_18' title='bbox 1072 576 1106 630; x_wconf 91' lang='lat' dir='ltr'>et</span> <span class='ocrx_word' id='word_1_19' title='bbox 1122 588 1222 651; x_wconf 85' lang='lat' dir='ltr'>saepe</span> 
     </span>
     <span class='ocr_line' id='line_1_4' title="bbox 220 667 1221 747; baseline 0.004 -16"><span class='ocrx_word' id='word_1_20' title='bbox 220 668 373 732; x_wconf 90' lang='lat' dir='ltr'>incidunt</span> <span class='ocrx_word' id='word_1_21' title='bbox 394 674 536 747; x_wconf 77' lang='lat' dir='ltr'>magnae</span> <span class='ocrx_word' id='word_1_22' title='bbox 558 674 619 742; x_wconf 80' lang='lat' dir='ltr'>reS,</span> <span class='ocrx_word' id='word_1_23' title='bbox 639 676 676 730; x_wconf 94' lang='lat' dir='ltr'>ut</span> <span class='ocrx_word' id='word_1_24' title='bbox 696 667 935 731; x_wconf 75' lang='lat' dir='ltr'>discedendum</span> <span class='ocrx_word' id='word_1_25' title='bbox 957 669 1000 733; x_wconf 92' lang='lat' dir='ltr'>sit</span> <span class='ocrx_word' id='word_1_26' title='bbox 1024 671 1066 733; x_wconf 91' lang='lat' dir='ltr'>ab</span> <span class='ocrx_word' id='word_1_27' title='bbox 1089 682 1221 735; x_wconf 90' lang='lat' dir='ltr'>amicis:</span> 
     </span>
     <span class='ocr_line' id='line_1_5' title="bbox 220 772 1222 856; baseline 0.003 -20"><span class='ocrx_word' id='word_1_28' title='bbox 220 782 303 856; x_wconf 78' lang='lat' dir='ltr'>quas</span> <span class='ocrx_word' id='word_1_29' title='bbox 328 783 384 856; x_wconf 92' lang='lat' dir='ltr'>qui</span> <span class='ocrx_word' id='word_1_30' title='bbox 406 772 567 853; x_wconf 88' lang='lat' dir='ltr'>impedire</span> <span class='ocrx_word' id='word_1_31' title='bbox 588 773 667 848; x_wconf 93' lang='lat' dir='ltr'>vult,</span> <span class='ocrx_word' id='word_1_32' title='bbox 692 775 781 856; x_wconf 93' lang='lat' dir='ltr'>quod</span> <span class='ocrx_word' id='word_1_33' title='bbox 808 774 1007 837; x_wconf 76' lang='lat' dir='ltr'>desiderium</span> <span class='ocrx_word' id='word_1_34' title='bbox 1035 784 1101 838; x_wconf 78' lang='lat' dir='ltr'>non</span> <span class='ocrx_word' id='word_1_35' title='bbox 1124 777 1222 841; x_wconf 83' lang='lat' dir='ltr'>facile</span> 
     </span>
     <span class='ocr_line' id='line_1_6' title="bbox 182 878 1221 960; baseline 0.002 -18"><span class='ocrx_word' id='word_1_36' title='bbox 182 901 197 947; x_wconf 87' lang='lat'>5</span> <span class='ocrx_word' id='word_1_37' title='bbox 219 880 315 954; x_wconf 83' lang='lat' dir='ltr'>ferat,</span> <span class='ocrx_word' id='word_1_38' title='bbox 333 878 361 939; x_wconf 90' lang='lat' dir='ltr'>is</span> <span class='ocrx_word' id='word_1_39' title='bbox 377 887 410 939; x_wconf 92' lang='lat' dir='ltr'>et</span> <span class='ocrx_word' id='word_1_40' title='bbox 430 878 585 939; x_wconf 82' lang='lat' dir='ltr'>infirmus</span> <span class='ocrx_word' id='word_1_41' title='bbox 609 887 659 941; x_wconf 86' lang='lat' dir='ltr'>est</span> <span class='ocrx_word' id='word_1_42' title='bbox 683 878 858 960; x_wconf 89' lang='lat' dir='ltr'>mollisque</span> <span class='ocrx_word' id='word_1_43' title='bbox 880 886 1000 941; x_wconf 76' lang='lat' dir='ltr'>natrira</span> <span class='ocrx_word' id='word_1_44' title='bbox 1022 890 1056 944; x_wconf 94' lang='lat' dir='ltr'>et</span> <span class='ocrx_word' id='word_1_45' title='bbox 1081 881 1123 943; x_wconf 93' lang='lat' dir='ltr'>ob</span> <span class='ocrx_word' id='word_1_46' title='bbox 1148 902 1221 944; x_wconf 91' lang='lat' dir='ltr'>eam</span> 
     </span>
     <span class='ocr_line' id='line_1_7' title="bbox 220 980 1272 1068; baseline 0.002 -23"><span class='ocrx_word' id='word_1_47' title='bbox 220 983 328 1065; x_wconf 84' lang='lat' dir='ltr'>ipsam</span> <span class='ocrx_word' id='word_1_48' title='bbox 355 1002 491 1044; x_wconf 88' lang='lat' dir='ltr'>causam</span> <span class='ocrx_word' id='word_1_49' title='bbox 518 980 552 1043; x_wconf 93' lang='lat' dir='ltr'>in</span> <span class='ocrx_word' id='word_1_50' title='bbox 579 982 723 1044; x_wconf 75' lang='lat' dir='ltr'>amicitia</span> <span class='ocrx_word' id='word_1_51' title='bbox 750 1004 869 1065; x_wconf 92' lang='lat' dir='ltr'>parum</span> <span class='ocrx_word' id='word_1_52' title='bbox 895 984 1010 1047; x_wconf 80' lang='lat' dir='ltr'>iustus.</span> <span class='ocrx_word' id='word_1_53' title='bbox 1061 995 1161 1068; x_wconf 91' lang='lat' dir='ltr'>atque</span> <span class='ocrx_word' id='word_1_54' title='bbox 1188 986 1221 1048; x_wconf 96' lang='lat' dir='ltr'>in</span> <span class='ocrx_word' id='word_1_55' title='bbox 1237 996 1272 1048; x_wconf 81' lang='grc'>76</span> 
     </span>
     <span class='ocr_line' id='line_1_8' title="bbox 220 1086 1422 1170; baseline 0.002 -20"><span class='ocrx_word' id='word_1_56' title='bbox 220 1097 312 1150; x_wconf 92' lang='lat' dir='ltr'>omni</span> <span class='ocrx_word' id='word_1_57' title='bbox 327 1094 362 1148; x_wconf 79' lang='lat' dir='ltr'>re</span> <span class='ocrx_word' id='word_1_58' title='bbox 377 1086 656 1149; x_wconf 83' lang='lat' dir='ltr'>crinsiderandum</span> <span class='ocrx_word' id='word_1_59' title='bbox 673 1096 733 1163; x_wconf 92' lang='lat' dir='ltr'>est,</span> <span class='ocrx_word' id='word_1_60' title='bbox 749 1097 782 1150; x_wconf 91' lang='lat' dir='ltr'>et</span> <span class='ocrx_word' id='word_1_61' title='bbox 798 1087 876 1170; x_wconf 94' lang='lat' dir='ltr'>quid</span> <span class='ocrx_word' id='word_1_62' title='bbox 892 1088 1041 1169; x_wconf 81' lang='lat' dir='ltr'>postules</span> <span class='ocrx_word' id='word_1_63' title='bbox 1058 1089 1099 1151; x_wconf 91' lang='lat' dir='ltr'>ab</span> <span class='ocrx_word' id='word_1_64' title='bbox 1116 1099 1222 1153; x_wconf 79' lang='lat' dir='ltr'>amico</span> <span class='ocrx_word' id='word_1_65' title='bbox 1413 1118 1422 1152; x_wconf 89' lang='lat' dir='ltr'>r</span> 
     </span>
     <span class='ocr_line' id='line_1_9' title="bbox 220 1097 1413 1294; baseline -0.001 -40"><span class='ocrx_word' id='word_1_66' title='bbox 220 1200 254 1254; x_wconf 88' lang='lat' dir='ltr'>et</span> <span class='ocrx_word' id='word_1_67' title='bbox 270 1190 350 1273; x_wconf 92' lang='lat' dir='ltr'>quid</span> <span class='ocrx_word' id='word_1_68' title='bbox 365 1189 493 1272; x_wconf 73' lang='lat' dir='ltr'>patiare</span> <span class='ocrx_word' id='word_1_69' title='bbox 510 1197 529 1252; x_wconf 73' lang='lat' dir='ltr'>a</span> <span class='ocrx_word' id='word_1_70' title='bbox 545 1198 578 1253; x_wconf 81' lang='lat' dir='ltr'>te</span> <span class='ocrx_word' id='word_1_71' title='bbox 594 1190 771 1271; x_wconf 79' lang='lat' dir='ltr'>impetrari.</span> <span class='ocrx_word' id='word_1_72' title='bbox 925 1276 927 1283; x_wconf 26' lang='grc' dir='ltr'>Ι</span> <span class='ocrx_word' id='word_1_73' title='bbox 1285 1097 1413 1294; x_wconf 55' lang='lat' dir='ltr'>fidas·</span> 
     </span>
     <span class='ocr_line' id='line_1_10' title="bbox 264 1293 1220 1376; baseline 0.005 -20"><span class='ocrx_word' id='word_1_74' title='bbox 264 1295 360 1356; x_wconf 94' lang='lat' dir='ltr'>XXI.</span> <span class='ocrx_word' id='word_1_75' title='bbox 395 1295 457 1357; x_wconf 87' lang='lat' dir='ltr'>Est</span> <span class='ocrx_word' id='word_1_76' title='bbox 484 1293 583 1356; x_wconf 89' lang='lat' dir='ltr'>etiam</span> <span class='ocrx_word' id='word_1_77' title='bbox 612 1295 775 1376; x_wconf 86' lang='lat' dir='ltr'>quaedam</span> <span class='ocrx_word' id='word_1_78' title='bbox 803 1296 973 1358; x_wconf 78' lang='lat' dir='ltr'>calamitas</span> <span class='ocrx_word' id='word_1_79' title='bbox 1004 1296 1038 1358; x_wconf 93' lang='lat' dir='ltr'>in</span> <span class='ocrx_word' id='word_1_80' title='bbox 1068 1296 1220 1361; x_wconf 81' lang='lat' dir='ltr'>amicitiis</span> 
     </span>
     <span class='ocr_line' id='line_1_11' title="bbox 170 1400 1220 1482; baseline 0.004 -21"><span class='ocrx_word' id='word_1_81' title='bbox 170 1429 198 1461; x_wconf 93' lang='lat'>10</span> <span class='ocrx_word' id='word_1_82' title='bbox 220 1400 425 1463; x_wconf 82' lang='lat' dir='ltr'>dimittendis</span> <span class='ocrx_word' id='word_1_83' title='bbox 452 1408 520 1462; x_wconf 68' lang='lat' dir='ltr'>nim</span> <span class='ocrx_word' id='word_1_84' title='bbox 546 1421 729 1482; x_wconf 88' lang='lat' dir='ltr'>numquam</span> <span class='ocrx_word' id='word_1_85' title='bbox 756 1400 962 1478; x_wconf 76' lang='lat' dir='ltr'>necessaria;</span> <span class='ocrx_word' id='word_1_86' title='bbox 994 1401 1059 1463; x_wconf 90' lang='lat' dir='ltr'>iam</span> <span class='ocrx_word' id='word_1_87' title='bbox 1086 1402 1174 1464; x_wconf 91' lang='lat' dir='ltr'>enim</span> <span class='ocrx_word' id='word_1_88' title='bbox 1201 1410 1220 1465; x_wconf 75' lang='lat' dir='ltr'>a</span> 
     </span>
     <span class='ocr_line' id='line_1_12' title="bbox 221 1501 1221 1586; baseline 0.002 -19"><span class='ocrx_word' id='word_1_89' title='bbox 221 1504 421 1586; x_wconf 89' lang='lat' dir='ltr'>sapientium</span> <span class='ocrx_word' id='word_1_90' title='bbox 444 1502 725 1567; x_wconf 74' lang='lat' dir='ltr'>familiaritatibus</span> <span class='ocrx_word' id='word_1_91' title='bbox 749 1506 791 1567; x_wconf 90' lang='lat' dir='ltr'>ad</span> <span class='ocrx_word' id='word_1_92' title='bbox 806 1505 952 1586; x_wconf 75' lang='lat' dir='ltr'>vulgaris</span> <span class='ocrx_word' id='word_1_93' title='bbox 975 1501 1136 1569; x_wconf 74' lang='lat' dir='ltr'>amicitias</span> <span class='ocrx_word' id='word_1_94' title='bbox 1153 1514 1221 1569; x_wconf 76' lang='lat' dir='ltr'>ora-</span> 
     </span>
     <span class='ocr_line' id='line_1_13' title="bbox 220 1609 1219 1691; baseline 0.002 -19"><span class='ocrx_word' id='word_1_95' title='bbox 220 1610 267 1672; x_wconf 77' lang='lat' dir='ltr'>tio</span> <span class='ocrx_word' id='word_1_96' title='bbox 282 1618 398 1673; x_wconf 89' lang='lat' dir='ltr'>nostra</span> <span class='ocrx_word' id='word_1_97' title='bbox 413 1609 585 1672; x_wconf 78' lang='lat' dir='ltr'>delabitur.</span> <span class='ocrx_word' id='word_1_98' title='bbox 632 1616 810 1691; x_wconf 79' lang='lat' dir='ltr'>erumpunt</span> <span class='ocrx_word' id='word_1_99' title='bbox 827 1630 928 1691; x_wconf 86' lang='lat' dir='ltr'>saepe</span> <span class='ocrx_word' id='word_1_100' title='bbox 943 1610 1023 1672; x_wconf 90' lang='lat' dir='ltr'>vitia</span> <span class='ocrx_word' id='word_1_101' title='bbox 1039 1619 1219 1674; x_wconf 68' lang='lat' dir='ltr'>amicerum</span> 
     </span>
     <span class='ocr_line' id='line_1_14' title="bbox 220 1713 1220 1796; baseline 0.002 -20"><span class='ocrx_word' id='word_1_102' title='bbox 220 1724 291 1782; x_wconf 88' lang='lat' dir='ltr'>tum</span> <span class='ocrx_word' id='word_1_103' title='bbox 314 1714 348 1775; x_wconf 94' lang='lat' dir='ltr'>in</span> <span class='ocrx_word' id='word_1_104' title='bbox 372 1714 463 1795; x_wconf 75' lang='lat' dir='ltr'>ipsos</span> <span class='ocrx_word' id='word_1_105' title='bbox 487 1721 620 1788; x_wconf 68' lang='lat' dir='ltr'>amices,</span> <span class='ocrx_word' id='word_1_106' title='bbox 637 1722 707 1775; x_wconf 93' lang='lat' dir='ltr'>tum</span> <span class='ocrx_word' id='word_1_107' title='bbox 731 1714 765 1775; x_wconf 92' lang='lat' dir='ltr'>in</span> <span class='ocrx_word' id='word_1_108' title='bbox 789 1713 923 1791; x_wconf 68' lang='lat' dir='ltr'>alienes,</span> <span class='ocrx_word' id='word_1_109' title='bbox 944 1723 1084 1796; x_wconf 72' lang='lat' dir='ltr'>querum</span> <span class='ocrx_word' id='word_1_110' title='bbox 1108 1725 1220 1778; x_wconf 93' lang='lat' dir='ltr'>tamen</span> 
     </span>
     <span class='ocr_line' id='line_1_15' title="bbox 220 1818 1220 1899; baseline 0.003 -18"><span class='ocrx_word' id='word_1_111' title='bbox 220 1819 263 1881; x_wconf 91' lang='lat' dir='ltr'>ad</span> <span class='ocrx_word' id='word_1_112' title='bbox 291 1826 415 1881; x_wconf 72' lang='lat' dir='ltr'>amictis</span> <span class='ocrx_word' id='word_1_113' title='bbox 442 1818 607 1880; x_wconf 88' lang='lat' dir='ltr'>redundet</span> <span class='ocrx_word' id='word_1_114' title='bbox 633 1818 790 1880; x_wconf 75' lang='lat' dir='ltr'>infamia:</span> <span class='ocrx_word' id='word_1_115' title='bbox 818 1818 901 1881; x_wconf 74' lang='lat' dir='ltr'>tales</span> <span class='ocrx_word' id='word_1_116' title='bbox 929 1818 1029 1899; x_wconf 87' lang='lat' dir='ltr'>igitur</span> <span class='ocrx_word' id='word_1_117' title='bbox 1056 1820 1220 1884; x_wconf 88' lang='lat' dir='ltr'>amicitiae</span> 
     </span>
     <span class='ocr_line' id='line_1_16' title="bbox 170 1921 1220 1998; baseline 0.003 -13"><span class='ocrx_word' id='word_1_118' title='bbox 170 1944 198 1991; x_wconf 85' lang='lat'>15</span> <span class='ocrx_word' id='word_1_119' title='bbox 221 1932 300 1985; x_wconf 92' lang='lat' dir='ltr'>sunt</span> <span class='ocrx_word' id='word_1_120' title='bbox 322 1922 517 1985; x_wconf 77' lang='lat' dir='ltr'>remissidne</span> <span class='ocrx_word' id='word_1_121' title='bbox 535 1929 615 1983; x_wconf 81' lang='lat' dir='ltr'>tisris</span> <span class='ocrx_word' id='word_1_122' title='bbox 634 1921 797 1984; x_wconf 73' lang='lat' dir='ltr'>eluendae</span> <span class='ocrx_word' id='word_1_123' title='bbox 816 1931 858 1998; x_wconf 89' lang='lat' dir='ltr'>et,</span> <span class='ocrx_word' id='word_1_124' title='bbox 877 1932 913 1984; x_wconf 94' lang='lat' dir='ltr'>ut</span> <span class='ocrx_word' id='word_1_125' title='bbox 929 1923 1090 1987; x_wconf 77' lang='lat' dir='ltr'>Catonem</span> <span class='ocrx_word' id='word_1_126' title='bbox 1111 1924 1220 1988; x_wconf 88' lang='lat' dir='ltr'>dicere</span> 
     </span>
     <span class='ocr_line' id='line_1_17' title="bbox 220 2025 1221 2109; baseline 0.002 -21"><span class='ocrx_word' id='word_1_127' title='bbox 220 2028 340 2102; x_wconf 91' lang='lat' dir='ltr'>audivi,</span> <span class='ocrx_word' id='word_1_128' title='bbox 371 2025 571 2089; x_wconf 90' lang='lat' dir='ltr'>dissuendae</span> <span class='ocrx_word' id='word_1_129' title='bbox 602 2025 708 2107; x_wconf 90' lang='lat' dir='ltr'>magis</span> <span class='ocrx_word' id='word_1_130' title='bbox 742 2047 841 2109; x_wconf 87' lang='lat' dir='ltr'>quam</span> <span class='ocrx_word' id='word_1_131' title='bbox 878 2026 1125 2104; x_wconf 84' lang='lat' dir='ltr'>discindendae,</span> <span class='ocrx_word' id='word_1_132' title='bbox 1157 2028 1221 2091; x_wconf 93' lang='lat' dir='ltr'>nisi</span> 
     </span>
    </p>
   </div>
   <div class='ocr_carea' id='block_1_3' title="bbox 86 2265 1271 3777">
    <p class='ocr_par' dir='ltr' id='par_1_3' title="bbox 86 2265 1271 3777">
     <span class='ocr_line' id='line_1_18' title="bbox 168 2265 1270 2328; baseline 0.002 -15"><span class='ocrx_word' id='word_1_133' title='bbox 168 2266 213 2314; x_wconf 92' lang='lat' dir='ltr'>the</span> <span class='ocrx_word' id='word_1_134' title='bbox 235 2266 319 2315; x_wconf 88' lang='lat' dir='ltr'>oracle</span> <span class='ocrx_word' id='word_1_135' title='bbox 341 2266 458 2315; x_wconf 86' lang='lat' dir='ltr'>declared</span> <span class='ocrx_word' id='word_1_136' title='bbox 479 2267 546 2328; x_wconf 85' lang='lat' dir='ltr'>Troy</span> <span class='ocrx_word' id='word_1_137' title='bbox 566 2265 640 2314; x_wconf 89' lang='lat' dir='ltr'>could</span> <span class='ocrx_word' id='word_1_138' title='bbox 663 2271 708 2313; x_wconf 91' lang='lat' dir='ltr'>not</span> <span class='ocrx_word' id='word_1_139' title='bbox 734 2280 795 2327; x_wconf 91' lang='lat' dir='ltr'>pose</span> <span class='ocrx_word' id='word_1_140' title='bbox 815 2265 844 2313; x_wconf 85' lang='lat' dir='ltr'>os</span> <span class='ocrx_word' id='word_1_141' title='bbox 863 2266 930 2327; x_wconf 86' lang='lat' dir='ltr'>gain,</span> <span class='ocrx_word' id='word_1_142' title='bbox 951 2266 995 2315; x_wconf 92' lang='lat' dir='ltr'>but</span> <span class='ocrx_word' id='word_1_143' title='bbox 1018 2266 1077 2328; x_wconf 85' lang='lat' dir='ltr'>only</span> <span class='ocrx_word' id='word_1_144' title='bbox 1096 2266 1168 2314; x_wconf 87' lang='lat' dir='ltr'>those</span> <span class='ocrx_word' id='word_1_145' title='bbox 1188 2266 1270 2315; x_wconf 88' lang='lat' dir='ltr'>which</span> 
     </span>
     <span class='ocr_line' id='line_1_19' title="bbox 168 2342 1271 2405; baseline 0.001 -16"><span class='ocrx_word' id='word_1_146' title='bbox 168 2343 201 2389; x_wconf 90' lang='lat' dir='ltr'>be</span> <span class='ocrx_word' id='word_1_147' title='bbox 217 2343 372 2391; x_wconf 83' lang='lat' dir='ltr'>taken-2.</span> <span class='ocrx_word' id='word_1_148' title='bbox 389 2344 604 2403; x_wconf 80' lang='lat' dir='ltr'>impedientem</span> <span class='ocrx_word' id='word_1_149' title='bbox 615 2358 707 2389; x_wconf 89' lang='lat' dir='ltr'>:cum</span> <span class='ocrx_word' id='word_1_150' title='bbox 733 2346 783 2388; x_wconf 88' lang='lat' dir='ltr'>rest</span> <span class='ocrx_word' id='word_1_151' title='bbox 803 2357 836 2388; x_wconf 92' lang='lat' dir='ltr'>on</span> <span class='ocrx_word' id='word_1_152' title='bbox 855 2346 862 2369; x_wconf 83' lang='lat'><em>⁴</em></span> <span class='ocrx_word' id='word_1_153' title='bbox 868 2342 970 2399; x_wconf 81' lang='lat' dir='ltr'>virtus,&#39;</span> <span class='ocrx_word' id='word_1_154' title='bbox 989 2342 1033 2390; x_wconf 91' lang='lat' dir='ltr'>the</span> <span class='ocrx_word' id='word_1_155' title='bbox 1050 2342 1192 2405; x_wconf 87' lang='lat' dir='ltr'>expression</span> <span class='ocrx_word' id='word_1_156' title='bbox 1210 2342 1239 2389; x_wconf 85' lang='lat' dir='ltr'>of</span> <span class='ocrx_word' id='word_1_157' title='bbox 1256 2358 1271 2391; x_wconf 88' lang='lat' dir='ltr'>a</span> 
     </span>
     <span class='ocr_line' id='line_1_20' title="bbox 169 2417 1270 2482; baseline 0.002 -17"><span class='ocrx_word' id='word_1_158' title='bbox 169 2418 323 2481; x_wconf 59' lang='lat' dir='ltr'>impediebat.</span> <span class='ocrx_word' id='word_1_159' title='bbox 349 2419 405 2467; x_wconf 87' lang='lat' dir='ltr'>The</span> <span class='ocrx_word' id='word_1_160' title='bbox 413 2426 514 2482; x_wconf 88' lang='lat' dir='ltr'>present</span> <span class='ocrx_word' id='word_1_161' title='bbox 523 2418 653 2481; x_wconf 86' lang='lat' dir='ltr'>participle</span> <span class='ocrx_word' id='word_1_162' title='bbox 662 2418 708 2465; x_wconf 90' lang='lat' dir='ltr'>has</span> <span class='ocrx_word' id='word_1_163' title='bbox 734 2417 827 2465; x_wconf 88' lang='lat' dir='ltr'>human</span> <span class='ocrx_word' id='word_1_164' title='bbox 837 2418 968 2481; x_wconf 86' lang='lat' dir='ltr'>sympathy</span> <span class='ocrx_word' id='word_1_165' title='bbox 980 2419 1034 2481; x_wconf 90' lang='lat' dir='ltr'>(see</span> <span class='ocrx_word' id='word_1_166' title='bbox 1044 2418 1058 2479; x_wconf 63' lang='grc' dir='ltr'>ἓ</span> <span class='ocrx_word' id='word_1_167' title='bbox 1066 2418 1120 2481; x_wconf 89' lang='lat'>50),</span> <span class='ocrx_word' id='word_1_168' title='bbox 1130 2420 1181 2467; x_wconf 88' lang='lat' dir='ltr'>and</span> <span class='ocrx_word' id='word_1_169' title='bbox 1191 2419 1270 2467; x_wconf 91' lang='lat' dir='ltr'>hence</span> 
     </span>
     <span class='ocr_line' id='line_1_21' title="bbox 169 2492 1270 2555; baseline 0.004 -14"><span class='ocrx_word' id='word_1_170' title='bbox 169 2494 239 2542; x_wconf 84' lang='lat' dir='ltr'>often</span> <span class='ocrx_word' id='word_1_171' title='bbox 259 2511 274 2542; x_wconf 92' lang='lat' dir='ltr'>a</span> <span class='ocrx_word' id='word_1_172' title='bbox 297 2495 411 2543; x_wconf 88' lang='lat' dir='ltr'>conative</span> <span class='ocrx_word' id='word_1_173' title='bbox 432 2495 507 2543; x_wconf 80' lang='lat' dir='ltr'>force.</span> <span class='ocrx_word' id='word_1_174' title='bbox 519 2522 553 2530; x_wconf 91' lang='lat'>—</span> <span class='ocrx_word' id='word_1_175' title='bbox 564 2507 587 2555; x_wconf 85' lang='lat'>3.</span> <span class='ocrx_word' id='word_1_176' title='bbox 603 2492 705 2543; x_wconf 72' lang='lat' dir='ltr'>disee·</span> <span class='ocrx_word' id='word_1_177' title='bbox 734 2495 1040 2543; x_wconf 63' lang='lat' dir='ltr'>are‘r&#39;nterbonasss-rz.</span> <span class='ocrx_word' id='word_1_178' title='bbox 1054 2496 1230 2555; x_wconf 78' lang='lat' dir='ltr'>erumpunt.</span> <span class='ocrx_word' id='word_1_179' title='bbox 1245 2533 1270 2546; x_wconf 88' lang='lat'>..</span> 
     </span>
     <span class='ocr_line' id='line_1_22' title="bbox 168 2570 1271 2634; baseline 0.001 -15"><span class='ocrx_word' id='word_1_180' title='bbox 168 2570 307 2629; x_wconf 88' lang='lat' dir='ltr'>dendum,</span> <span class='ocrx_word' id='word_1_181' title='bbox 320 2587 335 2620; x_wconf 88' lang='lat' dir='ltr'>a</span> <span class='ocrx_word' id='word_1_182' title='bbox 348 2578 488 2633; x_wconf 92' lang='lat' dir='ltr'>temporary</span> <span class='ocrx_word' id='word_1_183' title='bbox 500 2570 650 2634; x_wconf 86' lang='lat' dir='ltr'>separation,</span> <span class='ocrx_word' id='word_1_184' title='bbox 662 2577 707 2617; x_wconf 92' lang='lat' dir='ltr'>not</span> <span class='ocrx_word' id='word_1_185' title='bbox 732 2570 771 2627; x_wconf 88' lang='lat' dir='ltr'>in,</span> <span class='ocrx_word' id='word_1_186' title='bbox 785 2570 861 2617; x_wconf 82' lang='lat' dir='ltr'>break</span> <span class='ocrx_word' id='word_1_187' title='bbox 876 2576 935 2618; x_wconf 79' lang='lat' dir='ltr'>out.</span> <span class='ocrx_word' id='word_1_188' title='bbox 948 2606 954 2619; x_wconf 89' lang='lat'><strong>.</strong></span> <span class='ocrx_word' id='word_1_189' title='bbox 968 2606 974 2619; x_wconf 89' lang='lat'><strong>.</strong></span> <span class='ocrx_word' id='word_1_190' title='bbox 987 2577 1062 2633; x_wconf 81' lang='lat' dir='ltr'>upon.</span> <span class='ocrx_word' id='word_1_191' title='bbox 1072 2598 1104 2607; x_wconf 90' lang='lat'><em>-</em></span> <span class='ocrx_word' id='word_1_192' title='bbox 1115 2584 1152 2631; x_wconf 90' lang='lat'>14.</span> <span class='ocrx_word' id='word_1_193' title='bbox 1166 2573 1271 2620; x_wconf 84' lang='lat' dir='ltr'>redun-</span> 
     </span>
     <span class='ocr_line' id='line_1_23' title="bbox 168 2645 1270 2711; baseline 0.002 -16"><span class='ocrx_word' id='word_1_194' title='bbox 168 2663 184 2695; x_wconf 88' lang='lat' dir='ltr'>a</span> <span class='ocrx_word' id='word_1_195' title='bbox 195 2654 343 2711; x_wconf 87' lang='lat' dir='ltr'>permanent</span> <span class='ocrx_word' id='word_1_196' title='bbox 355 2654 587 2708; x_wconf 79' lang='lat' dir='ltr'>estrangement—</span> <span class='ocrx_word' id='word_1_197' title='bbox 595 2658 617 2710; x_wconf 83' lang='lat'>5.</span> <span class='ocrx_word' id='word_1_198' title='bbox 628 2646 707 2693; x_wconf 80' lang='lat' dir='ltr'>infir-</span> <span class='ocrx_word' id='word_1_199' title='bbox 733 2646 795 2703; x_wconf 83' lang='lat' dir='ltr'>det,</span> <span class='ocrx_word' id='word_1_200' title='bbox 807 2645 962 2707; x_wconf 88' lang='lat' dir='ltr'>subjunctive</span> <span class='ocrx_word' id='word_1_201' title='bbox 974 2646 1003 2694; x_wconf 84' lang='lat' dir='ltr'>of</span> <span class='ocrx_word' id='word_1_202' title='bbox 1012 2648 1133 2695; x_wconf 89' lang='lat' dir='ltr'>result.—</span> <span class='ocrx_word' id='word_1_203' title='bbox 1141 2648 1270 2707; x_wconf 68' lang='lat' dir='ltr'>inldmla,</span> 
     </span>
     <span class='ocr_line' id='line_1_24' title="bbox 167 2723 1270 2789; baseline 0.004 -18"><span class='ocrx_word' id='word_1_204' title='bbox 167 2736 235 2771; x_wconf 79' lang='lat' dir='ltr'>mue</span> <span class='ocrx_word' id='word_1_205' title='bbox 246 2724 414 2785; x_wconf 77' lang='lat' dir='ltr'>mollisque,</span> <span class='ocrx_word' id='word_1_206' title='bbox 423 2723 491 2770; x_wconf 78' lang='lat' dir='ltr'>tueak</span> <span class='ocrx_word' id='word_1_207' title='bbox 499 2723 555 2770; x_wconf 82' lang='lat' dir='ltr'>and</span> <span class='ocrx_word' id='word_1_208' title='bbox 564 2723 706 2785; x_wconf 61' lang='grc' dir='ltr'>ιιιινκαηίγ,Ι</span> <span class='ocrx_word' id='word_1_209' title='bbox 733 2730 777 2770; x_wconf 92' lang='lat' dir='ltr'>not</span> <span class='ocrx_word' id='word_1_210' title='bbox 787 2723 897 2785; x_wconf 89' lang='lat' dir='ltr'>political</span> <span class='ocrx_word' id='word_1_211' title='bbox 910 2724 1030 2789; x_wconf 73' lang='lat' dir='ltr'>injdmia,</span> <span class='ocrx_word' id='word_1_212' title='bbox 1040 2724 1121 2773; x_wconf 88' lang='lat' dir='ltr'>which</span> <span class='ocrx_word' id='word_1_213' title='bbox 1134 2728 1270 2788; x_wconf 86' lang='lat' dir='ltr'>prevented</span> 
     </span>
     <span class='ocr_line' id='line_1_25' title="bbox 168 2796 1268 2863; baseline 0.003 -16"><span class='ocrx_word' id='word_1_214' title='bbox 168 2816 216 2863; x_wconf 87' lang='lat' dir='ltr'>que</span> <span class='ocrx_word' id='word_1_215' title='bbox 240 2807 361 2847; x_wconf 88' lang='lat' dir='ltr'>connects</span> <span class='ocrx_word' id='word_1_216' title='bbox 384 2796 459 2847; x_wconf 85' lang='lat' dir='ltr'>¹these</span> <span class='ocrx_word' id='word_1_217' title='bbox 488 2806 537 2846; x_wconf 92' lang='lat' dir='ltr'>two</span> <span class='ocrx_word' id='word_1_218' title='bbox 565 2798 706 2861; x_wconf 87' lang='lat' dir='ltr'>adjectives,</span> <span class='ocrx_word' id='word_1_219' title='bbox 732 2815 783 2848; x_wconf 91' lang='lat' dir='ltr'>one</span> <span class='ocrx_word' id='word_1_220' title='bbox 794 2799 857 2847; x_wconf 86' lang='lat' dir='ltr'>stom</span> <span class='ocrx_word' id='word_1_221' title='bbox 870 2800 974 2863; x_wconf 87' lang='lat' dir='ltr'>holding</span> <span class='ocrx_word' id='word_1_222' title='bbox 986 2817 1018 2849; x_wconf 93' lang='lat' dir='ltr'>an</span> <span class='ocrx_word' id='word_1_223' title='bbox 1033 2801 1170 2850; x_wconf 88' lang='lat' dir='ltr'>honorable</span> <span class='ocrx_word' id='word_1_224' title='bbox 1189 2802 1268 2861; x_wconf 87' lang='lat' dir='ltr'>office,</span> 
     </span>
     <span class='ocr_line' id='line_1_26' title="bbox 167 2874 1270 2940; baseline 0.005 -18"><span class='ocrx_word' id='word_1_225' title='bbox 167 2874 326 2923; x_wconf 84' lang='lat' dir='ltr'>which&#39;form</span> <span class='ocrx_word' id='word_1_226' title='bbox 339 2876 383 2923; x_wconf 89' lang='lat' dir='ltr'>the</span> <span class='ocrx_word' id='word_1_227' title='bbox 397 2876 447 2923; x_wconf 87' lang='lat' dir='ltr'>first</span> <span class='ocrx_word' id='word_1_228' title='bbox 464 2875 493 2923; x_wconf 85' lang='lat' dir='ltr'>of</span> <span class='ocrx_word' id='word_1_229' title='bbox 507 2876 549 2923; x_wconf 90' lang='lat' dir='ltr'>the</span> <span class='ocrx_word' id='word_1_230' title='bbox 567 2881 616 2923; x_wconf 86' lang='lat' dir='ltr'>two</span> <span class='ocrx_word' id='word_1_231' title='bbox 629 2890 705 2922; x_wconf 87' lang='lat' dir='ltr'>mem·</span> <span class='ocrx_word' id='word_1_232' title='bbox 732 2876 777 2925; x_wconf 91' lang='lat' dir='ltr'>but</span> <span class='ocrx_word' id='word_1_233' title='bbox 800 2877 843 2924; x_wconf 88' lang='lat' dir='ltr'>the</span> <span class='ocrx_word' id='word_1_234' title='bbox 866 2877 979 2939; x_wconf 87' lang='lat' dir='ltr'>disgrace</span> <span class='ocrx_word' id='word_1_235' title='bbox 1003 2878 1117 2939; x_wconf 86' lang='lat' dir='ltr'>working</span> <span class='ocrx_word' id='word_1_236' title='bbox 1142 2878 1221 2940; x_wconf 91' lang='lat' dir='ltr'>injury</span> <span class='ocrx_word' id='word_1_237' title='bbox 1244 2886 1270 2927; x_wconf 92' lang='lat' dir='ltr'>to</span> 
     </span>
     <span class='ocr_line' id='line_1_27' title="bbox 167 2952 1270 3017; baseline 0.002 -18"><span class='ocrx_word' id='word_1_238' title='bbox 167 2952 225 2999; x_wconf 87' lang='lat' dir='ltr'>bers</span> <span class='ocrx_word' id='word_1_239' title='bbox 237 2953 378 3001; x_wconf 87' lang='lat' dir='ltr'>connected</span> <span class='ocrx_word' id='word_1_240' title='bbox 391 2952 424 3013; x_wconf 95' lang='lat' dir='ltr'>by</span> <span class='ocrx_word' id='word_1_241' title='bbox 435 2958 555 3001; x_wconf 82' lang='lat' dir='ltr'>et...et.</span> <span class='ocrx_word' id='word_1_242' title='bbox 588 2953 641 3013; x_wconf 81' lang='lat' dir='ltr'>Que</span> <span class='ocrx_word' id='word_1_243' title='bbox 656 2952 706 2999; x_wconf 91' lang='lat' dir='ltr'>and</span> <span class='ocrx_word' id='word_1_244' title='bbox 733 2953 802 3000; x_wconf 91' lang='lat' dir='ltr'>one’s</span> <span class='ocrx_word' id='word_1_245' title='bbox 820 2954 887 3015; x_wconf 86' lang='lat' dir='ltr'>good</span> <span class='ocrx_word' id='word_1_246' title='bbox 905 2966 1072 3017; x_wconf 82' lang='lat' dir='ltr'>name-15.</span> <span class='ocrx_word' id='word_1_247' title='bbox 1091 2956 1173 3012; x_wconf 79' lang='lat' dir='ltr'>dede,</span> <span class='ocrx_word' id='word_1_248' title='bbox 1192 2957 1270 3003; x_wconf 79' lang='lat' dir='ltr'>inler-</span> 
     </span>
     <span class='ocr_line' id='line_1_28' title="bbox 167 3028 1269 3091; baseline 0.004 -16"><span class='ocrx_word' id='word_1_249' title='bbox 167 3035 191 3075; x_wconf 84' lang='lat' dir='ltr'>et</span> <span class='ocrx_word' id='word_1_250' title='bbox 206 3028 240 3076; x_wconf 94' lang='lat' dir='ltr'>do</span> <span class='ocrx_word' id='word_1_251' title='bbox 257 3034 301 3075; x_wconf 90' lang='lat' dir='ltr'>not</span> <span class='ocrx_word' id='word_1_252' title='bbox 318 3028 433 3091; x_wconf 91' lang='lat' dir='ltr'>properly</span> <span class='ocrx_word' id='word_1_253' title='bbox 445 3028 572 3075; x_wconf 86' lang='lat' dir='ltr'>correlate.</span> <span class='ocrx_word' id='word_1_254' title='bbox 583 3028 646 3076; x_wconf 85' lang='lat'>-6.</span> <span class='ocrx_word' id='word_1_255' title='bbox 663 3028 706 3075; x_wconf 83' lang='lat' dir='ltr'>it&#39;t·</span> <span class='ocrx_word' id='word_1_256' title='bbox 732 3031 1025 3088; x_wconf 70' lang='lat' dir='ltr'>mursa—eluendae,</span> <span class='ocrx_word' id='word_1_257' title='bbox 1037 3046 1052 3077; x_wconf 86' lang='lat' dir='ltr'>a</span> <span class='ocrx_word' id='word_1_258' title='bbox 1068 3032 1137 3079; x_wconf 89' lang='lat' dir='ltr'>word</span> <span class='ocrx_word' id='word_1_259' title='bbox 1155 3032 1215 3078; x_wconf 89' lang='lat' dir='ltr'>used</span> <span class='ocrx_word' id='word_1_260' title='bbox 1233 3046 1269 3079; x_wconf 86' lang='lat' dir='ltr'>es·</span> 
     </span>
     <span class='ocr_line' id='line_1_29' title="bbox 167 3104 1271 3169; baseline 0.001 -17"><span class='ocrx_word' id='word_1_261' title='bbox 167 3107 243 3162; x_wconf 78' lang='lat' dir='ltr'>etue,</span> <span class='ocrx_word' id='word_1_262' title='bbox 249 3106 352 3169; x_wconf 82' lang='lat' dir='ltr'>perfect,</span> <span class='ocrx_word' id='word_1_263' title='bbox 364 3104 403 3152; x_wconf 80' lang='lat' dir='ltr'>ie.</span> <span class='ocrx_word' id='word_1_264' title='bbox 418 3104 511 3165; x_wconf 82' lang='lat' dir='ltr'>guided</span> <span class='ocrx_word' id='word_1_265' title='bbox 523 3105 555 3166; x_wconf 91' lang='lat' dir='ltr'>by</span> <span class='ocrx_word' id='word_1_266' title='bbox 567 3120 664 3153; x_wconf 89' lang='lat' dir='ltr'>reason.</span> <span class='ocrx_word' id='word_1_267' title='bbox 732 3106 838 3168; x_wconf 89' lang='lat' dir='ltr'>pecially</span> <span class='ocrx_word' id='word_1_268' title='bbox 866 3106 895 3153; x_wconf 83' lang='lat' dir='ltr'>ol</span> <span class='ocrx_word' id='word_1_269' title='bbox 921 3107 1033 3167; x_wconf 86' lang='lat' dir='ltr'>disgrace</span> <span class='ocrx_word' id='word_1_270' title='bbox 1061 3108 1112 3154; x_wconf 86' lang='lat' dir='ltr'>and</span> <span class='ocrx_word' id='word_1_271' title='bbox 1140 3107 1224 3154; x_wconf 91' lang='lat' dir='ltr'>crime.</span> <span class='ocrx_word' id='word_1_272' title='bbox 1237 3134 1271 3142; x_wconf 96' lang='lat'>—</span> 
     </span>
     <span class='ocr_line' id='line_1_30' title="bbox 217 3180 1270 3242; baseline 0.003 -15"><span class='ocrx_word' id='word_1_273' title='bbox 217 3180 240 3229; x_wconf 88' lang='lat'>6.</span> <span class='ocrx_word' id='word_1_274' title='bbox 257 3184 358 3241; x_wconf 82' lang='lat' dir='ltr'>atque,</span> <span class='ocrx_word' id='word_1_275' title='bbox 378 3181 435 3227; x_wconf 83' lang='lat' dir='ltr'>and</span> <span class='ocrx_word' id='word_1_276' title='bbox 447 3196 490 3236; x_wconf 86' lang='lat' dir='ltr'>so,·</span> <span class='ocrx_word' id='word_1_277' title='bbox 508 3196 523 3227; x_wconf 92' lang='lat' dir='ltr'>a</span> <span class='ocrx_word' id='word_1_278' title='bbox 539 3195 663 3242; x_wconf 91' lang='lat' dir='ltr'>summary</span> <span class='ocrx_word' id='word_1_279' title='bbox 680 3180 709 3228; x_wconf 85' lang='lat' dir='ltr'>of</span> <span class='ocrx_word' id='word_1_280' title='bbox 732 3182 843 3240; x_wconf 79' lang='lat' dir='ltr'>dicere,</span> <span class='ocrx_word' id='word_1_281' title='bbox 860 3182 915 3229; x_wconf 78' lang='lat' dir='ltr'>that</span> <span class='ocrx_word' id='word_1_282' title='bbox 930 3183 989 3230; x_wconf 83' lang='lat' dir='ltr'>Cato</span> <span class='ocrx_word' id='word_1_283' title='bbox 1005 3182 1080 3237; x_wconf 83' lang='lat' dir='ltr'>said,·</span> <span class='ocrx_word' id='word_1_284' title='bbox 1098 3182 1190 3229; x_wconf 86' lang='lat' dir='ltr'>‘heard</span> <span class='ocrx_word' id='word_1_285' title='bbox 1208 3182 1270 3231; x_wconf 83' lang='lat' dir='ltr'>Cato</span> 
     </span>
     <span class='ocr_line' id='line_1_31' title="bbox 168 3255 1269 3320; baseline 0.003 -17"><span class='ocrx_word' id='word_1_286' title='bbox 168 3257 301 3320; x_wconf 57' lang='grc' dir='ltr'>ᾅδῃ-75,</span> <span class='ocrx_word' id='word_1_287' title='bbox 320 3257 370 3303; x_wconf 90' lang='lat' dir='ltr'>and</span> <span class='ocrx_word' id='word_1_288' title='bbox 391 3256 433 3304; x_wconf 89' lang='lat' dir='ltr'>the</span> <span class='ocrx_word' id='word_1_289' title='bbox 454 3255 599 3303; x_wconf 92' lang='lat' dir='ltr'>conclusion</span> <span class='ocrx_word' id='word_1_290' title='bbox 617 3256 646 3303; x_wconf 86' lang='lat' dir='ltr'>of</span> <span class='ocrx_word' id='word_1_291' title='bbox 663 3257 705 3305; x_wconf 90' lang='lat' dir='ltr'>the</span> <span class='ocrx_word' id='word_1_292' title='bbox 732 3258 886 3319; x_wconf 88' lang='lat' dir='ltr'>say’would</span> <span class='ocrx_word' id='word_1_293' title='bbox 897 3258 929 3305; x_wconf 88' lang='lat' dir='ltr'>be</span> <span class='ocrx_word' id='word_1_294' title='bbox 942 3258 1069 3305; x_wconf 76' lang='lat' dir='ltr'>dicentem.</span> <span class='ocrx_word' id='word_1_295' title='bbox 1100 3258 1155 3304; x_wconf 93' lang='lat' dir='ltr'>The</span> <span class='ocrx_word' id='word_1_296' title='bbox 1168 3258 1269 3307; x_wconf 88' lang='lat' dir='ltr'>distinc-</span> 
     </span>
     <span class='ocr_line' id='line_1_32' title="bbox 167 3332 1270 3395; baseline 0.003 -16"><span class='ocrx_word' id='word_1_297' title='bbox 167 3340 297 3393; x_wconf 84' lang='lat' dir='ltr'>argument</span> <span class='ocrx_word' id='word_1_298' title='bbox 306 3333 387 3380; x_wconf 87' lang='lat' dir='ltr'>stated</span> <span class='ocrx_word' id='word_1_299' title='bbox 396 3332 423 3379; x_wconf 90' lang='lat' dir='ltr'>in</span> <span class='ocrx_word' id='word_1_300' title='bbox 435 3333 449 3394; x_wconf 60' lang='grc' dir='ltr'><strong>ἕ</strong></span> <span class='ocrx_word' id='word_1_301' title='bbox 458 3332 498 3393; x_wconf 85' lang='lat'>36,</span> <span class='ocrx_word' id='word_1_302' title='bbox 508 3332 566 3379; x_wconf 90' lang='lat' dir='ltr'>with</span> <span class='ocrx_word' id='word_1_303' title='bbox 579 3332 622 3379; x_wconf 92' lang='lat' dir='ltr'>the</span> <span class='ocrx_word' id='word_1_304' title='bbox 635 3348 706 3395; x_wconf 88' lang='lat' dir='ltr'>ques·</span> <span class='ocrx_word' id='word_1_305' title='bbox 732 3334 785 3381; x_wconf 90' lang='lat' dir='ltr'>tion</span> <span class='ocrx_word' id='word_1_306' title='bbox 795 3334 815 3382; x_wconf 89' lang='lat' dir='ltr'>is</span> <span class='ocrx_word' id='word_1_307' title='bbox 825 3342 869 3382; x_wconf 93' lang='lat' dir='ltr'>not</span> <span class='ocrx_word' id='word_1_308' title='bbox 878 3333 968 3395; x_wconf 90' lang='lat' dir='ltr'>always</span> <span class='ocrx_word' id='word_1_309' title='bbox 980 3334 1052 3381; x_wconf 90' lang='lat' dir='ltr'>made</span> <span class='ocrx_word' id='word_1_310' title='bbox 1063 3332 1122 3380; x_wconf 91' lang='lat' dir='ltr'>with</span> <span class='ocrx_word' id='word_1_311' title='bbox 1134 3333 1176 3381; x_wconf 89' lang='lat' dir='ltr'>the</span> <span class='ocrx_word' id='word_1_312' title='bbox 1190 3334 1270 3382; x_wconf 87' lang='lat' dir='ltr'>infini·</span> 
     </span>
     <span class='ocr_line' id='line_1_33' title="bbox 86 3408 1269 3473; baseline 0.003 -18"><span class='ocrx_word' id='word_1_313' title='bbox 86 3469 89 3473; x_wconf 27' lang='grc' dir='ltr'>Ι</span> <span class='ocrx_word' id='word_1_314' title='bbox 167 3408 220 3456; x_wconf 88' lang='lat' dir='ltr'>tion</span> <span class='ocrx_word' id='word_1_315' title='bbox 237 3410 368 3469; x_wconf 66' lang='lat' dir='ltr'>Quatenus</span> <span class='ocrx_word' id='word_1_316' title='bbox 381 3424 455 3455; x_wconf 78' lang='lat' dir='ltr'>amor</span> <span class='ocrx_word' id='word_1_317' title='bbox 471 3410 500 3456; x_wconf 86' lang='lat' dir='ltr'>in</span> <span class='ocrx_word' id='word_1_318' title='bbox 516 3408 633 3455; x_wconf 78' lang='lat' dir='ltr'>arnt&#39;citid</span> <span class='ocrx_word' id='word_1_319' title='bbox 644 3413 706 3470; x_wconf 76' lang='lat' dir='ltr'>pro·-</span> <span class='ocrx_word' id='word_1_320' title='bbox 732 3409 878 3458; x_wconf 66' lang='lat' dir='ltr'>tiva—16.</span> <span class='ocrx_word' id='word_1_321' title='bbox 896 3410 1099 3459; x_wconf 76' lang='lat' dir='ltr'>dissuendae.</span> <span class='ocrx_word' id='word_1_322' title='bbox 1117 3445 1122 3457; x_wconf 92' lang='lat'>.</span> <span class='ocrx_word' id='word_1_323' title='bbox 1139 3445 1144 3457; x_wconf 91' lang='lat'>.</span> <span class='ocrx_word' id='word_1_324' title='bbox 1161 3410 1269 3459; x_wconf 78' lang='lat' dir='ltr'>discin-</span> 
     </span>
     <span class='ocr_line' id='line_1_34' title="bbox 162 3484 1271 3549; baseline 0.001 -16"><span class='ocrx_word' id='word_1_325' title='bbox 162 3484 241 3547; x_wconf 66' lang='lat' dir='ltr'>gredi</span> <span class='ocrx_word' id='word_1_326' title='bbox 248 3485 354 3533; x_wconf 66' lang='lat' dir='ltr'>dibeat?</span> <span class='ocrx_word' id='word_1_327' title='bbox 732 3485 857 3542; x_wconf 88' lang='lat' dir='ltr'>dendae,</span> <span class='ocrx_word' id='word_1_328' title='bbox 871 3487 955 3548; x_wconf 81' lang='lat' dir='ltr'>gently</span> <span class='ocrx_word' id='word_1_329' title='bbox 970 3486 1057 3533; x_wconf 79' lang='lat' dir='ltr'>rather</span> <span class='ocrx_word' id='word_1_330' title='bbox 1073 3485 1135 3533; x_wconf 81' lang='lat' dir='ltr'>than</span> <span class='ocrx_word' id='word_1_331' title='bbox 1154 3487 1271 3549; x_wconf 81' lang='lat' dir='ltr'>violenlly</span> 
     </span>
     <span class='ocr_line' id='line_1_35' title="bbox 220 3560 1267 3629; baseline 0.002 -21"><span class='ocrx_word' id='word_1_332' title='bbox 220 3573 257 3610; x_wconf 83' lang='lat'>11.</span> <span class='ocrx_word' id='word_1_333' title='bbox 277 3561 409 3623; x_wconf 76' lang='lat' dir='ltr'>vulgt&#39;trIs</span> <span class='ocrx_word' id='word_1_334' title='bbox 427 3561 592 3610; x_wconf 68' lang='lat' dir='ltr'>amicitias:</span> <span class='ocrx_word' id='word_1_335' title='bbox 617 3560 706 3608; x_wconf 88' lang='lat' dir='ltr'>Cicero</span> <span class='ocrx_word' id='word_1_336' title='bbox 732 3561 817 3620; x_wconf 84' lang='lat' dir='ltr'>ended,</span> <span class='ocrx_word' id='word_1_337' title='bbox 838 3561 873 3609; x_wconf 92' lang='lat' dir='ltr'>lit.</span> <span class='ocrx_word' id='word_1_338' title='bbox 892 3562 989 3625; x_wconf 78' lang='lat' dir='ltr'>ripped,</span> <span class='ocrx_word' id='word_1_339' title='bbox 1009 3567 1073 3609; x_wconf 86' lang='lat' dir='ltr'>rent.</span> <span class='ocrx_word' id='word_1_340' title='bbox 1108 3561 1145 3610; x_wconf 84' lang='lat' dir='ltr'>Cf.</span> <span class='ocrx_word' id='word_1_341' title='bbox 1162 3563 1203 3610; x_wconf 82' lang='lat' dir='ltr'>De</span> <span class='ocrx_word' id='word_1_342' title='bbox 1221 3564 1267 3629; x_wconf 84' lang='lat' dir='ltr'>Off.</span> 
     </span>
     <span class='ocr_line' id='line_1_36' title="bbox 167 3636 1271 3701; baseline 0.001 -16"><span class='ocrx_word' id='word_1_343' title='bbox 167 3638 229 3685; x_wconf 89' lang='lat' dir='ltr'>does</span> <span class='ocrx_word' id='word_1_344' title='bbox 241 3643 285 3684; x_wconf 92' lang='lat' dir='ltr'>not</span> <span class='ocrx_word' id='word_1_345' title='bbox 300 3638 395 3686; x_wconf 88' lang='lat' dir='ltr'>discuss</span> <span class='ocrx_word' id='word_1_346' title='bbox 408 3638 490 3685; x_wconf 86' lang='lat' dir='ltr'>selfish</span> <span class='ocrx_word' id='word_1_347' title='bbox 506 3636 663 3700; x_wconf 86' lang='lat' dir='ltr'>friendships,</span> <span class='ocrx_word' id='word_1_348' title='bbox 678 3653 706 3685; x_wconf 88' lang='lat' dir='ltr'>or</span> <span class='ocrx_word' id='word_1_349' title='bbox 736 3650 756 3695; x_wconf 90' lang='lat'>1,</span> <span class='ocrx_word' id='word_1_350' title='bbox 777 3650 839 3685; x_wconf 86' lang='lat'>120:</span> <span class='ocrx_word' id='word_1_351' title='bbox 864 3639 1007 3696; x_wconf 61' lang='lat' dir='ltr'>Amicitias,</span> <span class='ocrx_word' id='word_1_352' title='bbox 1024 3673 1030 3686; x_wconf 89' lang='lat'><strong>.</strong></span> <span class='ocrx_word' id='word_1_353' title='bbox 1046 3674 1052 3686; x_wconf 92' lang='lat'>.</span> <span class='ocrx_word' id='word_1_354' title='bbox 1068 3672 1073 3685; x_wconf 92' lang='lat'><strong>.</strong></span> <span class='ocrx_word' id='word_1_355' title='bbox 1089 3639 1168 3701; x_wconf 72' lang='lat' dir='ltr'>magis</span> <span class='ocrx_word' id='word_1_356' title='bbox 1188 3639 1271 3687; x_wconf 59' lang='lat' dir='ltr'>decere</span> 
     </span>
     <span class='ocr_line' id='line_1_37' title="bbox 167 3713 1269 3777; baseline 0.001 -16"><span class='ocrx_word' id='word_1_357' title='bbox 167 3714 330 3762; x_wconf 86' lang='lat' dir='ltr'>associations</span> <span class='ocrx_word' id='word_1_358' title='bbox 341 3714 371 3761; x_wconf 86' lang='lat' dir='ltr'>of</span> <span class='ocrx_word' id='word_1_359' title='bbox 383 3713 533 3761; x_wconf 88' lang='lat' dir='ltr'>individuals</span> <span class='ocrx_word' id='word_1_360' title='bbox 545 3713 582 3761; x_wconf 85' lang='lat' dir='ltr'>lor</span> <span class='ocrx_word' id='word_1_361' title='bbox 594 3713 637 3761; x_wconf 93' lang='lat' dir='ltr'>the</span> <span class='ocrx_word' id='word_1_362' title='bbox 648 3728 706 3777; x_wconf 89' lang='lat' dir='ltr'>pur·</span> <span class='ocrx_word' id='word_1_363' title='bbox 732 3717 832 3762; x_wconf 59' lang='lat' dir='ltr'>censent</span> <span class='ocrx_word' id='word_1_364' title='bbox 841 3715 963 3777; x_wconf 68' lang='lat' dir='ltr'>sapientis</span> <span class='ocrx_word' id='word_1_365' title='bbox 974 3714 1066 3763; x_wconf 61' lang='lat' dir='ltr'>sensim</span> <span class='ocrx_word' id='word_1_366' title='bbox 1081 3714 1178 3762; x_wconf 65' lang='lat' dir='ltr'>diluere</span> <span class='ocrx_word' id='word_1_367' title='bbox 1192 3730 1269 3777; x_wconf 84' lang='lat' dir='ltr'>quam</span> 
     </span>
    </p>
   </div>
   <div class='ocr_carea' id='block_1_4' title="bbox 0 0 1480 4159">
    <p class='ocr_par' dir='ltr' id='par_1_4' title="bbox 0 0 1480 4159">
     <span class='ocr_line' id='line_1_38' title="bbox 0 0 1480 4159; baseline 0 0"><span class='ocrx_word' id='word_1_368' title='bbox 0 0 1480 4159; x_wconf 95' lang='lat' dir='ltr'> </span> 
     </span>
    </p>
   </div>
  </div>
 </body>
</html>
