2950 4159
225 305 267 385 78
701 313 852 363 uacuus

276 482 390 536 tamen
417 472 500 536 haec
529 472 596 535 duo
626 469 770 534 levitatis
801 479 835 534 et
864 470 1069 535 infirmitatis
1100 472 1279 556 plerosque

276 576 488 652 convincunt,
506 584 564 639 aut
582 585 611 638 si
629 575 662 637 in
682 575 778 638 bonis
799 575 898 637 rebus
920 584 1140 640 contemnunt
1162 586 1220 640 aut
1242 578 1280 641 in.

276 682 372 744 malis
399 681 566 744 deserunt.
624 688 681 762 qui
708 678 809 760 igitur
836 686 976 762 utraque
1003 679 1037 742 in
1064 687 1100 743 re
1129 700 1277 761 gravem,

276 794 496 865 constantem,
514 783 667 847 stabilem
686 790 723 846 se
742 782 776 845 in
795 783 939 846 amicitia
958 778 1174 864 praestiterit,'
1187 786 1278 849 hunc

131 956 146 970 ,
238 910 317 959 sex
339 888 480 952 maxime
503 895 578 950 raro
600 907 725 969 genere
750 887 922 950 hominum
946 886 1093 952 iudicare
1117 889 1278 953 debemus
1358 955 1361 960 ,

276 1003 310 1057 et
332 1001 439 1075 paene
462 992 582 1054 divino.
984 1046 988 1053 .

211 1070 232 1134 l
320 1094 454 1162 XVIII.
489 1098 752 1159 Firmamentum
777 1105 888 1159 autern
914 1095 1101 1160 stabilitatis
1126 1105 1279 1163 constan·
1294 1109 1331 1159 65

275 1202 408 1285 tiaeque
429 1210 481 1265 est
502 1200 581 1277 eius,
604 1220 703 1283 quarn
727 1200 761 1263 in
785 1199 929 1263 amicitia
953 1200 1150 1282 quaerimus,
1176 1202 1277 1279 fides3

276 1307 358 1370 nihil
376 1316 427 1371 est
446 1305 534 1369 enirn
556 1304 683 1381 stabile,
707 1305 796 1387 quod
819 1304 962 1366 infidum
986 1314 1045 1368 est.
1093 1304 1278 1387 simplicem

225 1433 255 1468 10
276 1418 449 1494 praeterea
465 1419 499 1474 et
514 1417 725 1473 communem
745 1418 779 1471 et
797 1408 1070 1484 consentientem,
1091 1408 1204 1489 idest,
1221 1420 1280 1492 qui

276 1516 376 1579 rebus
391 1515 497 1578 isdem
514 1520 695 1590 moveatur,
713 1513 800 1595 elegi
818 1519 879 1593 par
895 1521 955 1588 est,
972 1533 1059 1595 quae
1078 1513 1189 1576 omnia
1207 1534 1279 1596 per·
1307 1506 1309 1510 ⁸

276 1620 385 1683 tinent
403 1620 445 1681 ad
464 1617 674 1695 fidelitatem
699 1616 917 1699 nequeenim
939 1617 1045 1680 fidum
1069 1626 1181 1700 potest
1203 1638 1278 1682 esse

277 1722 450 1805 multiplex
466 1721 638 1803 ingenium
655 1730 688 1785 et
704 1729 898 1798 tortuosum,
912 1742 1021 1804 neque
1033 1729 1120 1798 vero,
1138 1730 1278 1805 quinon

276 1828 383 1891 isdem
406 1826 504 1889 rebus
528 1833 679 1889 movetur
702 1832 887 1908 naturaque
911 1825 1085 1903 consentit,
1108 1835 1166 1889 aut
1188 1826 1278 1889 fidus

227 1953 254 2001 ις
277 1940 335 1994 aut
350 1930 477 1993 stabilis
493 1938 604 2011 potest
620 1949 702 1991 esse.
750 1929 940 1992 addendum
960 1930 1078 1993 eodem
1097 1939 1157 2006 est,
1178 1940 1214 1993 ut
1235 1937 1278 1993 ne

277 2034 469 2099 criminibus
489 2042 547 2096 aut
566 2032 751 2095 inferendis
772 2033 954 2097 delectetur
975 2043 1032 2097 aut
1055 2034 1169 2097 eredat
1191 2035 1278 2098 obla-

256 2124 328 2217 tis,
346 2158 432 2222 quae
453 2136 622 2220 pertinent
640 2137 752 2200 omnia
773 2138 816 2199 ad
837 2158 920 2214 earn,
943 2158 1043 2221 quam
1064 2138 1129 2201 iam
1151 2139 1277 2202 dudum

276 2252 392 2320 tracto,
414 2240 645 2306 constantiam.
692 2240 739 2303 ita
762 2241 799 2304 fit
818 2249 934 2304 verum
957 2241 1046 2317 illud,
1072 2243 1160 2325 quod
1183 2242 1277 2306 initio

276 2349 351 2425 dixi,
368 2346 547 2410 amicitiam
568 2344 632 2408 nisi
652 2344 738 2408 inter
760 2344 866 2409 bonos
889 2366 963 2409 esse
986 2354 1054 2409 non
1077 2366 1194 2429 posse3
1226 2356 1278 2410 est

223 2476 254 2509 ω
275 2452 365 2517 enirn
380 2451 461 2516 boni
475 2450 544 2527 viri,
563 2469 662 2534 quem
682 2449 826 2513 eundem
848 2449 1035 2532 sapientem
1056 2450 1134 2514 licet
1156 2451 1275 2528 dicere,

223 2675 288 2710 —2.
307 2664 368 2719 aut,
380 2675 415 2708 sc.
429 2664 457 2718 si,
470 2658 516 2707 but
533 2657 577 2706 the
595 2657 764 2706 construction
790 2693 796 2707 .
814 2693 822 2708 .
839 2693 845 2709 .
862 2662 968 2720 potest
985 2671 1068 2709 esse:
1089 2659 1123 2722 by
1140 2660 1184 2709 the
1204 2658 1331 2709 chiasmus

223 2739 244 2788 is
253 2739 342 2787 harsh:
355 2736 416 2784 with
425 2735 523 2793 bonis,
532 2749 566 2783 sc.
575 2739 634 2794 suis,
643 2735 694 2782 and
702 2734 763 2782 with
790 2735 832 2783 the
842 2733 973 2797 adjective,
978 2736 1062 2801 fidus,
1070 2735 1215 2799 containing
1224 2736 1267 2784 the
1277 2752 1329 2785 ern·
1403 2728 1406 2733 ¹

223 2815 318 2872 malis,
336 2829 370 2862 sc.
388 2816 540 2860 anticorum.
553 2837 586 2845 -
597 2824 621 2870 4.
638 2810 763 2870 praestl·
789 2811 873 2874 phatic
886 2812 1001 2874 thought,
1014 2813 1035 2860 is
1047 2813 1165 2875 repeated
1178 2819 1204 2860 at
1219 2812 1261 2860 the
1277 2815 1329 2862 end

222 2892 306 2949 terit3
328 2889 409 2938 future
424 2887 520 2952 perfect
536 2886 596 2934 with
607 2885 650 2934 the
663 2883 766 2949 present
788 2888 818 2934 ol
832 2888 875 2936 the
895 2895 1021 2947 sentence,
1039 2888 1174 2952 preparing
1194 2889 1237 2937 the
1257 2888 1329 2938 mind

222 2967 341 3024 aebemus,
354 2966 461 3013 because
479 2964 522 3011 the
540 2962 613 3010 latter
629 2967 706 3009 states
718 2962 762 3010 the
788 2962 826 3011 for
841 2965 883 3012 the
900 2971 958 3012 next
974 2970 1198 3029 statement—15.
1216 2965 1328 3014 adden-

221 3042 322 3106 general
348 3040 470 3105 principle
497 3045 524 3087 to
551 3038 584 3086 be
611 3038 762 3100 recognized
788 3039 867 3097 dum,
881 3041 1074 3105 flerthermom
1100 3042 1143 3090 the
1164 3041 1247 3090 clause
1267 3041 1328 3090 with

220 3120 353 3167 whenever
365 3118 408 3166 the
423 3116 518 3181 special
534 3131 591 3165 case
603 3115 667 3164 shall
679 3130 760 3163 occur.
788 3120 856 3164 utne?
865 3116 885 3163 is
895 3116 1037 3179 equivalent
1046 3124 1072 3165 to
1081 3132 1114 3165 an
1123 3118 1286 3166 exhortation.
1295 3144 1328 3153 —

221 3196 269 3246 See
281 3211 315 3244 on
319 3194 446 3260 fuerat‚§
462 3204 499 3258 15.
605 3238 611 3255 ,
790 3206 827 3257 17.
846 3207 936 3256 quam
955 3231 961 3245 .
981 3231 987 3245 .
1009 3230 1015 3244 .
1034 3194 1144 3254 trictti,
1157 3196 1200 3244 the
1217 3202 1326 3259 present,

270 3286 293 3333 9.
311 3271 393 3334 quod
414 3308 421 3320 .
442 3307 448 3320 .
467 3308 473 3320 .
490 3274 547 3329 est,
566 3287 581 3320 a
602 3275 658 3336 part
675 3270 704 3318 ol
717 3269 760 3318 the
787 3269 846 3317 with
864 3271 1018 3334 expressions
1035 3271 1065 3319 of
1080 3271 1196 3319 duration
1213 3271 1242 3319 of
1258 3272 1328 3330 tirne,

219 3348 310 3411 logical
330 3348 434 3411 subject,
456 3349 506 3397 and
527 3355 570 3396 not
593 3363 608 3396 a
628 3346 711 3395 clause
734 3345 764 3394 os
787 3348 920 3411 especially
932 3349 986 3397 iam
998 3351 1048 3398 and
1063 3350 1094 3398 its
1106 3352 1271 3414 compoundS‚
1283 3351 1326 3399 de·

219 3426 403 3475 characteristic
408 3443 415 3485 ;
438 3426 519 3474 hence
528 3424 571 3473 the
580 3423 761 3473 indicative-
787 3430 859 3472 notes
868 3439 900 3471 an
912 3424 995 3473 action
1005 3426 1153 3488 continuing
1164 3427 1190 3474 in
1204 3427 1246 3475 the
1259 3442 1328 3490 pres-

219 3503 395 3565 simpllcem‚
403 3501 497 3566 frosch,
509 3500 623 3565 opposed
635 3506 661 3549 to
674 3499 760 3548 multi·
787 3506 836 3558 ent,
846 3500 891 3548 but
902 3500 986 3563 begun
998 3501 1023 3549 in
1036 3502 1078 3550 the
1093 3510 1156 3566 past.
1185 3504 1233 3553 We
1247 3502 1327 3567 illogi-

215 3583 366 3646 plex.-10.
381 3576 759 3639 communem=xorrdr,put·
786 3576 850 3638 cally
859 3592 902 3624 use
911 3577 954 3625 the
966 3577 1068 3640 perfect.
1101 3578 1157 3627 The
1166 3594 1238 3628 sense
1249 3580 1278 3628 ol
1284 3582 1328 3628 the

219 3660 275 3720 ting
286 3657 356 3705 one's
368 3654 417 3702 sels
431 3669 465 3701 on
482 3653 525 3701 the
542 3669 610 3701 same
624 3652 722 3713 footing
733 3667 761 3699 as
786 3650 870 3700 clause
882 3652 903 3700 is
914 3652 1000 3715 purely
1012 3653 1182 3715 adjective—
1192 3656 1228 3705 18.
1245 3656 1289 3713 fit,
1306 3657 1329 3703 is

218 3734 311 3793 others,
330 3738 505 3780 courteous.—
515 3742 551 3779 12.
567 3741 664 3791 neque
681 3728 760 3778 enlm
786 3727 930 3776 established
937 3742 964 3777 as
980 3734 1034 3777 true
1047 3730 1073 3777 in
1089 3730 1327 3794 argument-Inl-
