2950 4159
578 276 742 325 culmen
765 276 852 327 xxrr.
1224 265 1267 345 89

252 435 369 497 XXII.
397 434 464 498 Sed
476 434 625 516 plerique
638 441 802 516 perversa,
818 442 860 495 ne
873 434 981 497 dicam
994 432 1213 515 impudenter,
1231 442 1266 493 82

214 539 335 601 habere
351 539 453 601 talem
468 548 610 601 amicum
623 538 748 613 volunt,
764 538 877 620 quales
894 537 957 619 ipsi
973 558 1046 600 esse
1062 545 1129 599 nan
1143 558 1215 618 pos·

214 652 298 719 sunt,
325 662 477 725 quaeque
502 642 567 723 ipsi
590 650 657 704 non
682 641 832 704 tribuunt
858 651 981 717 amicis
1005 643 1087 704 haec
1109 641 1151 704 ab
1175 642 1214 705 ils

213 748 411 810 desiderant.
458 754 519 829 par
534 755 585 809 est
602 755 712 809 autem
729 755 872 827 primum
890 746 999 827 ipsum
1018 766 1091 808 esse
1107 746 1215 809 virum

176 873 190 919 5
212 852 347 927 bonum,
364 860 435 914 tum
451 851 591 913 alterum
608 850 748 914 similem
766 860 817 912 sui
832 870 1000 932 quaerere.
1044 850 1077 912 in
1093 852 1214 915 talibus

213 975 261 1031 ea,
286 976 386 1037 quarn
410 954 475 1017 iam
500 955 626 1018 dudum
650 961 841 1029 tractamus,
866 954 1028 1017 stabilitas
1052 956 1215 1019 amicitiae

212 1060 405 1121 confirmari
434 1067 555 1139 potest,
587 1078 663 1122 curn
694 1058 845 1121 homines
877 1058 1109 1122 benevolentia
1140 1081 1215 1123 con-

212 1163 316 1225 iuncti
328 1172 472 1245 primum
484 1161 721 1244 cupiditatibus
737 1162 785 1238 ils,
800 1161 920 1244 quibus
940 1170 1041 1225 ceteri
1056 1164 1214 1240 serviunt,

212 1266 433 1348 imperabunt,
461 1266 582 1330 deinde
609 1266 775 1349 aequitate
803 1266 993 1349 iustitiaque
1021 1267 1216 1347 gaudebunt

163 1398 190 1430 10
212 1371 389 1453 omniaque
405 1371 489 1434 alter
509 1378 570 1453 pro
596 1370 701 1433 altero
724 1369 882 1451 suscipiet
905 1390 1014 1453 neque
1038 1370 1215 1453 quicquam

212 1496 370 1557 umquam
386 1475 450 1538 nisi
471 1477 648 1537 honesturn
664 1483 698 1537 et
716 1482 844 1537 rectum
867 1474 950 1537 alter
972 1475 1014 1538 ab
1035 1476 1140 1538 altero
1160 1497 1216 1557 po-

212 1578 357 1655 stulabit,
374 1599 483 1662 neque
502 1572 609 1642 salum
630 1579 742 1642 colent
762 1578 848 1641 inter
871 1586 907 1641 se
929 1586 968 1641 ac
992 1579 1138 1661 diligent,
1157 1580 1216 1644 sed

212 1683 312 1745 etiam
328 1683 548 1746 verebuntur:
570 1703 648 1745 nam
665 1682 845 1744 maximum
862 1690 1094 1746 (ornamentum
1108 1684 1215 1747 amici-

212 1787 278 1850 tiae
294 1786 387 1863 tollit,
405 1797 462 1869 qui
482 1808 523 1849 ex
545 1794 585 1850 ea
608 1787 693 1849 tollit
707 1786 950 1849 verecundiam.
998 1787 1110 1869 itaque
1126 1788 1159 1850 in
1177 1789 1215 1851 iis
1232 1798 1267 1849 83

162 1912 190 1959 15
213 1891 419 1972 perniciosus
438 1900 489 1953 est
509 1911 609 1966 error,
627 1901 684 1973 qui
703 1889 893 1961 existimant
912 1891 1085 1953 libidinum
1101 1900 1216 1974 pecca·

165 2076 171 2086 Ι
214 2003 388 2077 torumque
404 1996 552 2058 omniurn
569 2003 684 2076 patere
700 1994 734 2056 in
751 1994 895 2057 amicitia
912 1994 1097 2059 licentiam:
1117 1997 1216 2059 virta-

212 2107 283 2160 tum
302 2098 446 2162 amicitia
467 2099 609 2162 adiatrix
626 2106 646 2161 a
665 2106 784 2161 natura
806 2100 885 2162 data
901 2081 960 2175 est,
978 2108 1045 2162 non
1060 2101 1214 2163 vitiorum

213 2222 335 2278 comes
352 2212 398 2277 ut,
416 2203 572 2285 quoniam
595 2202 741 2265 solitaria
762 2211 829 2265 non
851 2213 965 2285 posset
985 2204 1089 2267 virtus
1106 2206 1149 2267 ad
1165 2225 1214 2280 ea,

213 2327 298 2388 quae
320 2327 450 2369 summa
470 2316 557 2383 sunt,
575 2317 758 2388 pervenire,
777 2306 954 2370 coniuncta
973 2316 1006 2370 et
1025 2308 1216 2372 consociata

161 2439 191 2469 ω
213 2430 288 2474 curn
316 2411 420 2473 altera
446 2420 653 2492 perveniret;
682 2430 768 2493 quae
796 2420 824 2472 si
851 2419 933 2493 quos
961 2411 1047 2474 inter
1074 2412 1215 2476 societas

213 2523 270 2578 aut
293 2524 344 2578 est
367 2524 425 2577 aut
447 2514 511 2577 fuit
533 2525 590 2578 aut
613 2516 727 2578 futura
751 2524 811 2590 est,
829 2522 941 2577 eorum
966 2525 1018 2578 est
1041 2512 1215 2579 habendus

212 2619 256 2682 ad
277 2639 443 2682 summum
463 2626 603 2683 naturae
623 2620 748 2683 bonum
771 2617 916 2701 optimus
937 2618 1214 2703 beatissimusque

162 2841 284 2889 Horace’s
301 2840 428 2889 reference
446 2847 472 2890 to
490 2840 529 2889 his
546 2841 626 2890 friend
639 2841 700 2889 Ver·
726 2842 792 2890 alter
805 2846 859 2905 pra
868 2842 954 2902 altera,
971 2842 1116 2906 expressing
1128 2844 1267 2907 reciprocal

160 2916 195 2979 gil
210 2916 272 2981 (Od.
290 2918 311 2965 Ι.
328 2930 351 2979 3,
367 2916 412 2981 8):
435 2917 573 2965 dimidium
594 2918 700 2966 animae
725 2918 817 2967 action.

161 3009 237 3041 meae.
778 2994 815 3043 18.
833 2995 872 3043 ad
894 3008 939 3052 ea,
959 3007 1037 3056 quae
1055 3031 1061 3043 .
1080 3032 1085 3044 .
1104 3031 1110 3043 .
1132 3000 1211 3054 aunt,
1228 2997 1267 3045 the

214 3080 233 3118 1.
251 3066 401 3129 perversa,
413 3068 472 3118 with
490 3084 570 3119 errors
585 3069 615 3118 of
626 3069 699 3133 judg·
724 3071 818 3134 highest
836 3071 902 3128 ends,
923 3086 950 3119 as
970 3087 1098 3119 summum
1114 3072 1206 3120 bonum
1223 3073 1266 3120 be·

161 3151 242 3204 ment;
268 3146 466 3205 impudenter,
486 3146 546 3195 with
571 3162 651 3195 errors
673 3147 703 3194 of
725 3146 869 3196 lom-20.
887 3147 1136 3195 altera=alterius
1154 3148 1267 3197 hominis

161 3220 332 3283 feeling-4.
355 3224 410 3282 par
428 3226 484 3281 est,
504 3239 560 3271 noro
583 3223 605 3271 it
625 3224 647 3271 is
668 3224 700 3288 os
725 3224 827 3271 virtatc.
842 3234 971 3284 -quae,
994 3223 1080 3284 quos,
1104 3224 1147 3271 the
1171 3224 1222 3272 first
1245 3226 1266 3273 is

160 3298 237 3360 equal
247 3298 409 3360 importance,
422 3299 461 3347 ie.
477 3299 515 3346 sor
529 3299 572 3346 the
586 3299 698 3360 strength
726 3299 827 3348 relative
840 3298 895 3362 (see
905 3315 938 3347 ou
948 3299 1018 3362 quod,
1029 3300 1042 3359 ᾗ
1053 3299 1109 3361 43),
1120 3300 1162 3347 the
1172 3303 1265 3350 second

137 3429 140 3436 ¹
160 3374 190 3421 os
204 3373 422 3437 friendship.—9.
444 3375 598 3437 aequitate
614 3375 699 3423 insu·
726 3374 987 3437 indefinite-quos
1003 3375 1090 3432 inter,
1106 3378 1265 3439 anastrophe,

160 3450 277 3512 hiique:
297 3452 412 3514 aequitas
420 3452 440 3499 is
449 3452 492 3500 the
502 3452 564 3499 view
576 3450 605 3508 os
611 3449 699 3513 justice
726 3451 796 3499 usual
806 3450 864 3513 only
871 3451 931 3499 with
941 3451 1081 3513 dissyllabic
1090 3452 1265 3515 prepositions,

160 3526 238 3574 taken
250 3526 281 3589 by
294 3543 309 3575 a
320 3544 379 3575 man
391 3527 420 3575 of
434 3528 494 3589 high
512 3527 635 3591 principle
649 3527 699 3574 and
726 3542 754 3574 or
765 3526 840 3574 when
857 3543 889 3575 an
907 3528 1025 3575 attribute
1043 3527 1063 3575 is
1080 3528 1196 3576 attached
1213 3535 1239 3576 to
1251 3546 1266 3577 a

160 3602 254 3661 honor3
276 3604 376 3652 iustitia
389 3604 431 3651 the
449 3604 514 3666 legal
530 3619 558 3651 or
575 3602 700 3651 technical
726 3618 802 3651 noun.
837 3602 861 3650 It
878 3618 965 3651 occurs
983 3603 1116 3667 especially
1128 3604 1188 3652 with
1203 3604 1265 3653 rela-

160 3678 230 3728 view.
273 3679 338 3745 (R)
352 3707 386 3716 -
399 3692 436 3729 12.
466 3680 545 3733 inter
574 3681 616 3741 οδ,
648 3680 699 3731 like
725 3680 774 3731 tive
787 3695 921 3745 pronouns.
