2950 4159
228 310 268 381 82
704 321 855 378 manus

277 487 423 562 fuerunt,
441 505 516 549 cum
536 484 662 567 cogniti
685 493 820 548 suntet
843 494 900 549 aut
923 486 1059 549 deorum
1083 495 1141 550 aut
1163 495 1282 569 regum

278 590 339 653 tilii
368 590 503 667 inventi,
531 589 675 653 retinent
706 598 819 653 tamen
850 590 1021 653 caritatem
1052 592 1087 654 in
1117 599 1280 674 pastores,

278 702 361 777 quos
385 701 496 776 patres
521 693 643 756 multos
667 702 774 757 annos
801 713 875 757 esse
898 694 1081 758 duxerunt:
1113 696 1202 777 quod
1228 706 1282 761 est
1367 696 1373 707 '

278 800 383 861 multo
399 799 553 880 proiecto
569 798 676 879 magis
692 798 725 860 in
742 806 828 861 veris
848 799 998 880 patribus
1016 809 1180 883 certisque
1202 802 1281 865 taci-

241 903 421 980 sendum,
456 903 586 965 fructus
614 902 702 965 enim
730 902 857 983 ingenii
884 912 918 965 et
944 903 1074 966 virtutis
1104 904 1281 987 omnisque

278 1006 502 1087 praestantiae
519 1015 590 1069 tum
607 1006 769 1069 maximus
788 1006 926 1089 capitur,
945 1027 1020 1070 cum
1040 1008 1073 1070 in
1093 1008 1279 1093 proximum

278 1130 444 1194 quemque
461 1111 640 1174 confertur.

321 1215 398 1278 XX.
433 1216 484 1280 Ut
506 1214 607 1296 igitur
633 1215 663 1291 ii,
693 1225 750 1298 qui
780 1224 857 1279 sunt
886 1215 920 1278 in
952 1216 1115 1280 amicitiae
1145 1218 1280 1281 coniun-
1294 1229 1330 1281 71

276 1318 461 1401 ctionisque
477 1318 723 1382 necessitudine
741 1319 937 1400 superiores,
951 1328 1135 1403 exaequare
1152 1330 1188 1384 se
1203 1342 1279 1385 cum
1373 1341 1376 1344 ·

227 1450 256 1483 ιο
275 1423 487 1486 inferioribus
503 1424 635 1500 debent,
653 1433 699 1487 sic
715 1424 888 1487 inferiores
905 1434 972 1487 non
989 1425 1100 1489 dolere
1117 1433 1153 1489 se
1171 1433 1191 1489 a
1210 1437 1279 1490 suis

278 1537 335 1591 aut
351 1527 486 1609 ingenio
507 1537 564 1589 aut
583 1528 719 1591 fortuna
743 1538 801 1591 aut
824 1529 985 1610 dignitate
1009 1537 1177 1611 superari;
1202 1540 1280 1614 quo-

278 1652 352 1694 rum
368 1632 517 1714 plerique
534 1641 592 1694 aut
607 1642 792 1714 queruntur
808 1653 941 1713 semper
957 1633 1080 1716 aliquid
1099 1644 1157 1697 aut
1178 1631 1279 1698 etiam

277 1736 488 1817 exprobrant,
510 1744 616 1818 eoque
640 1736 757 1817 magis
780 1747 808 1799 si
834 1737 956 1801 habere
980 1745 1016 1800 se
1043 1746 1163 1820 putant
1189 1740 1279 1822 quod

277 1835 423 1903 0'fficiose
446 1849 480 1903 et
502 1847 608 1903 amice
631 1849 664 1903 et
686 1861 762 1904 cum
787 1841 901 1904 labore
928 1841 1038 1924 aliquo
1065 1850 1125 1905 suo
1151 1844 1278 1906 factum

227 1965 254 2012 15
277 1953 402 2026 queant
418 1943 547 2007 dicere:
573 1936 725 2007 (idiosum
747 1952 828 2007 sane
848 1965 955 2027 genus
977 1946 1149 2009 hominurn
1171 1947 1279 2011 officia

277 2048 558 2129 exprobrantium,
587 2069 673 2131 quae
700 2048 891 2112 meminisse
918 2050 1017 2113 debet
1047 2050 1085 2126 is,
1113 2051 1148 2114 in
1179 2048 1278 2133 quem

277 2152 409 2215 conlata
430 2162 516 2228 sunt,
533 2160 601 2215 non
623 2160 883 2216 commemorare
905 2164 962 2236 qui
982 2155 1129 2217 contulit.
1178 2176 1277 2238 quam
1293 2166 1331 2218 72

278 2256 320 2318 ob
339 2276 419 2333 rem,
437 2266 474 2319 ut
494 2256 525 2333 ii,
548 2266 605 2339 qui
628 2256 815 2339 superiores
839 2267 926 2334 sunt,
948 2257 1143 2323 submittere
1167 2267 1203 2322 se
1226 2260 1279 2322 de-

276 2360 358 2424 bent
382 2360 416 2423 in
439 2360 593 2437 amicitia,
615 2369 661 2424 sic
689 2361 834 2444 quodam
859 2362 959 2424 modo
981 2362 1156 2426 inferiores
1179 2364 1278 2427 extol-

224 2607 301 2654 nem,
322 2594 362 2644 ie.
380 2609 414 2642 on
431 2594 474 2643 the
492 2599 548 2658 part
563 2594 593 2643 of
607 2594 697 2643 others.
733 2594 764 2642 In
790 2606 869 2660 —15.
894 2599 1020 2657 queant:
1048 2596 1098 2645 this
1119 2597 1180 2646 verb
1204 2598 1225 2647 is
1249 2599 1331 2663 rarely

225 2671 371 2719 distinction
386 2671 449 2719 from
467 2670 617 2734 ignorantia
635 2671 684 2719 this
696 2672 764 2719 word
791 2673 851 2721 used
861 2678 950 2736 except
959 2672 1018 2721 with
1030 2688 1045 2721 a
1056 2674 1217 2736 negative-
1226 2687 1329 2737 genus,

224 2747 302 2795 hasa
319 2747 415 2810 passive
432 2748 483 2795 and
499 2746 621 2808 objective
637 2747 764 2809 meaning,
791 2748 928 2812 appositive
946 2753 972 2797 to
990 2750 1123 2813 plerr'que5
1146 2750 1178 2800 cl.
1195 2751 1327 2812 dubitatio,

225 2823 276 2871 and
288 2822 341 2870 also
353 2823 429 2870 refers
441 2828 467 2870 to
479 2838 494 2870 a
507 2822 600 2885 special
613 2838 678 2881 case,
690 2823 764 2871 while
791 2825 804 2886 ξ
818 2823 857 2888 67.

225 2899 374 2962 ignorantia
398 2898 419 2945 is
443 2898 707 2961 general—stirpis
731 2902 765 2947 et
842 2899 879 2948 18.
897 2900 1075 2951 submittere
1087 2903 1129 2960 εδ,
1142 2902 1181 2951 i.e.
1193 2909 1220 2952 to
1235 2902 1330 2953 exhibit

224 2974 349 3037 generis,
379 2974 475 3021 descent
501 2975 550 3022 and
572 2976 690 3039 family,·
721 2975 764 3023 the
791 2977 1001 3037 modesty.—19.
1024 2976 1069 3026 sic
1087 3012 1094 3025 .
1115 3012 1121 3025 .
1142 3013 1148 3026 .
1169 2978 1326 3039 extollere,

225 3050 317 3099 former
329 3050 351 3097 is
364 3066 433 3097 more
451 3050 559 3112 general.
569 3050 764 3109 -lamulfitfl,
790 3066 824 3099 sc.
836 3056 861 3099 si
877 3052 970 3110 debent,
987 3057 1029 3101 ‘so
1045 3052 1071 3100 in
1088 3068 1158 3101 some
1176 3055 1268 3117 degree
1288 3055 1330 3118 (as

225 3132 270 3174 not
279 3125 360 3187 abject
369 3126 464 3188 slavery
474 3125 616 3189 (servitus),
627 3127 671 3174 but
680 3143 694 3174 a
704 3142 763 3175 con·
791 3127 827 3175 lar
839 3143 866 3175 as
874 3127 933 3189 they
942 3127 1003 3191 can)
1015 3128 1094 3191 ought
1106 3128 1220 3178 inferiors
1229 3138 1255 3179 to
1265 3131 1329 3179 raise

224 3202 305 3251 ditiori
314 3202 343 3250 ol
351 3203 516 3265 dependence
526 3203 653 3265 requiring
662 3202 764 3251 service.
791 3203 958 3251 themselves.’
1004 3204 1034 3253 Ο.
1060 3204 1149 3253 inserts
1171 3210 1204 3253 si.
1251 3207 1329 3269 Many

223 3304 256 3313 —
264 3292 287 3338 4.
307 3278 397 3336 veris,
410 3279 471 3336 real,
484 3279 597 3341 opposed
610 3284 636 3325 to
647 3278 764 3343 fflbulr's‚·
791 3280 883 3327 editors
895 3279 953 3327 take
965 3281 1100 3345 inferioris
1112 3296 1139 3329 as
1153 3282 1196 3330 the
1209 3282 1291 3344 object
1303 3281 1333 3330 ol

224 3354 325 3411 (tertiis,
334 3355 455 3417 genuine,
468 3354 583 3417 opposite
595 3353 625 3401 of
633 3353 765 3401 dubiis-
791 3356 922 3411 extollere‚·
948 3356 991 3404 the
1014 3363 1133 3405 sentence
1156 3358 1218 3406 then
1242 3373 1330 3407 means

223 3429 248 3478 6.
260 3430 378 3490 capitur
390 3466 396 3479 .
409 3467 415 3479 .
428 3467 434 3479 .
447 3429 608 3489 contextur,
620 3445 764 3492 oxymoron.
791 3431 844 3479 that
862 3432 987 3495 superiors
1005 3432 1094 3481 should
1114 3440 1158 3481 not
1177 3433 1235 3495 only
1252 3434 1330 3483 lower

274 3506 297 3555 8.
312 3506 544 3564 coniunctionis,
554 3506 671 3565 kindred,
681 3506 763 3554 which
791 3507 948 3565 themselves,
956 3507 999 3555 but
1011 3508 1049 3556 lilt
1061 3507 1125 3555 their
1138 3509 1263 3569 inferiors;
1285 3510 1330 3558 but

224 3585 250 3629 to
264 3596 334 3629 some
352 3589 436 3629 extent
451 3582 539 3629 Cicero
557 3583 692 3630 associates
704 3582 764 3631 with
791 3583 861 3631 there
882 3584 903 3631 is
921 3599 953 3630 no
971 3583 1141 3645 grammatical
1160 3584 1286 3647 objection
1303 3592 1330 3634 to

224 3656 374 3720 friendship3
392 3657 760 3719 cf.§19.-11.qu6mm=
791 3658 833 3705 the
852 3658 902 3705 first
923 3658 1090 3721 explanation,
1110 3661 1159 3708 and
1183 3660 1203 3708 it
1225 3663 1331 3710 accords

223 3731 268 3780 sed
274 3738 361 3780 eorum
370 3749 381 3788 ,¹
399 3748 441 3781 see
459 3748 492 3779 on
510 3733 591 3795 quod.
605 3769 611 3781 .
624 3769 630 3781 .
641 3735 681 3793 sit,
697 3734 710 3795 ξ
722 3746 763 3795 43.
790 3748 859 3781 more
871 3733 990 3796 perlectly
1001 3735 1060 3781 with
1074 3736 1116 3782 the
1128 3735 1229 3797 general
1243 3752 1331 3785 course
