2950 4159
216 341 274 387 102
427 358 430 364 ·
693 332 843 383 LAELIUS

254 491 387 575 quidem
411 490 595 573 optandum
615 499 666 553 est
684 498 722 552 ut
740 483 816 552 cum
838 490 1032 572 aequalibus
1052 500 1170 573 possis,
1191 491 1258 574 qui-

253 597 393 659 buscum
409 604 579 678 tamquam
596 603 614 657 e
630 594 817 658 carceribus
834 595 974 658 emissus
992 606 1045 671 sis
1059 616 1135 658 cum
1150 595 1257 659 isdem

255 700 297 763 ad
324 699 459 775 calcem,
488 709 525 763 ut
551 699 678 774 dicitur,
706 709 899 780 pervenire;
932 698 991 762 sed
1021 699 1177 781 quoniam
1205 708 1323 764 res102

256 806 421 868 humanae
452 804 589 885 fragiles
622 803 836 885 caducaeque
867 813 953 878 sunt,
986 823 1119 885 semper
1157 804 1259 887 aliqui

229 929 242 976 5
256 908 454 992 anquirendi
469 917 546 971 sunt
562 916 644 990 quos
661 906 837 988 diligimus
853 915 918 970 eta
934 908 1054 991 quibus
1067 908 1257 989 diligamur;

257 1013 393 1077 caritate
409 1012 498 1076 enim
514 1012 813 1094 benevolentiaque
827 1012 957 1075 sublata
969 1012 1077 1075 omnis
1090 1022 1141 1075 est
1157 1020 1175 1075 e
1190 1020 1259 1075 viti

258 1118 389 1180 sublita
412 1116 609 1180 iucunditas.
637 1116 738 1207 ‚mihi
757 1116 890 1198 quidem
912 1116 1033 1199 Scipio,
1057 1136 1258 1199 quamquam

258 1232 308 1285 est
329 1222 439 1285 subito
459 1229 603 1309 ereptus,
620 1219 701 1282 vivit
721 1229 835 1283 tamen
855 1240 1053 1303 semperque
1069 1230 1174 1297 vivet;
1199 1220 1259 1283 vir-

257 1334 362 1390 tutem
386 1326 475 1389 enim
499 1332 608 1387 amavi
630 1324 717 1386 illius
733 1323 802 1401 viri,
820 1344 906 1407 quae
929 1334 1092 1388 exstincta
1111 1333 1178 1386 non
1198 1333 1256 1387 est.

218 1459 245 1490 ιο
257 1451 319 1493 nec
342 1430 424 1493 mihi
447 1430 509 1493 soli
523 1437 673 1493 versetur
696 1439 775 1493 ante
794 1429 918 1505 oculos,
936 1438 992 1512 qui
1016 1428 1105 1491 illam
1127 1448 1259 1509 semper

258 1535 292 1597 in
312 1534 465 1597 manibus
489 1534 599 1611 habui,
617 1534 676 1597 sed
700 1534 800 1597 etiam
822 1543 964 1615 posteris
983 1532 1044 1596 erit
1060 1532 1150 1595 clara
1165 1542 1199 1595 et
1214 1538 1260 1595 in-

259 1639 381 1720 signis:
406 1646 505 1701 nemo
521 1659 677 1721 umquam
691 1638 801 1700 animo
814 1646 872 1700 aut
885 1644 945 1719 spe
960 1637 1085 1699 maiora
1101 1636 1260 1718 suscipiet

259 1753 316 1826 qui
338 1742 401 1806 sibi
423 1751 491 1805 non
514 1742 600 1805 illius
619 1742 812 1805 memoriam
831 1751 930 1824 atque
946 1740 1126 1822 imaginem
1142 1748 1260 1822 propo

259 1847 404 1910 nendam
421 1855 524 1929 putet.
571 1847 726 1929 equidem
740 1866 780 1909 ex
792 1845 946 1909 omnibus
958 1844 1065 1921 rebus
1080 1852 1163 1927 quis
1179 1844 1261 1907 mihi
1270 1859 1323 1910 103

220 1978 246 2025 15
260 1960 317 2014 aut
337 1952 471 2014 fortuna
492 1960 550 2013 aut
571 1959 689 2014 natura
710 1950 833 2026 tribuit,
852 1949 932 2011 nihil
954 1949 1062 2012 habeo
1078 1949 1168 2031 quod
1184 1969 1259 2011 cum

260 2055 403 2119 amicitia
423 2055 588 2138 Scipionis
607 2054 733 2137 possim
753 2062 966 2136 comparare:
990 2053 1023 2116 in
1044 2054 1106 2116 hac
1122 2052 1203 2116 mihi
1219 2053 1260 2116 de

260 2167 296 2223 re
318 2160 452 2241 publica
475 2167 667 2235 consensus
684 2159 718 2220 in
743 2159 805 2221 hac
829 2165 937 2220 rerum
961 2165 1164 2239 privatarum
1185 2166 1260 2220 con-

261 2265 378 2340 silium,
410 2264 444 2326 in
475 2264 591 2327 eadem
622 2263 753 2346 requies
784 2263 883 2345 plena
920 2261 1148 2325 oblectationis
1186 2261 1258 2324 fuit.

261 2389 441 2452 numquam
465 2368 557 2431 illum
581 2376 624 2431 ne
647 2368 783 2430 minima
807 2366 939 2450 quidem
963 2373 998 2428 re
1017 2366 1153 2442 offendi,
1171 2366 1260 2448 quod
1352 2417 1355 2430 .

219 2619 236 2650 a
245 2603 461 2666 newgeneration.
483 2602 542 2666 (R.)
560 2603 679 2651 Between
687 2602 758 2651 these
785 2601 814 2650 of
823 2603 837 2664 ᾗ
847 2602 928 2664 96.-
937 2614 973 2651 12.
985 2600 1085 2651 animi>
1095 2601 1172 2650 refers
1181 2606 1207 2650 to
1217 2616 1325 2664 contage

219 2680 301 2727 words
313 2680 341 2726 Β.
354 2679 443 2727 inserts
456 2695 487 2727 ex
500 2680 566 2737 olid,
579 2679 669 2737 which,
681 2684 758 2726 want·
785 2679 811 2726 in
834 2678 928 2736 action,
951 2683 992 2742 spi
1014 2684 1040 2726 to
1064 2678 1210 2726 confidence
1234 2678 1260 2725 in
1281 2678 1325 2726 the

220 2756 264 2817 ing
282 2756 308 2803 in
326 2761 390 2803 most
413 2756 482 2814 Mss,
502 2771 543 2803 are
564 2762 609 2803 not
629 2770 759 2817 necessary
785 2754 864 2803 worth
880 2754 908 2802 of
926 2754 969 2803 the
987 2754 1053 2817 prize
1072 2759 1099 2802 to
1116 2754 1149 2802 be
1167 2753 1259 2801 striven
1275 2753 1323 2802 lor.

220 2839 246 2879 to
266 2832 308 2879 the
329 2844 479 2879 sense—2.
502 2832 690 2880 carceribus:
716 2832 759 2879 the
784 2831 866 2879 There
881 2834 901 2879 is
916 2846 930 2879 a
947 2831 1023 2893 slight
1041 2845 1152 2892 zeugma,
1166 2846 1193 2878 as
1205 2830 1328 2893 concipiet

220 2911 332 2955 carceris
344 2922 408 2954 were
425 2906 496 2955 small
515 2908 608 2955 arched
628 2906 759 2955 chambers
786 2905 869 2955 would
882 2908 912 2955 be
925 2907 967 2955 the
979 2907 1039 2955 verb
1051 2906 1089 2955 lor
1105 2910 1145 2969 spi
1163 2906 1246 2954 rather
1264 2906 1326 2954 than

219 2983 307 3031 within
319 2982 401 3030 which
420 2983 463 3030 the
480 2982 567 3031 horses
583 2983 634 3031 and
651 2983 760 3031 chariots
786 2984 919 3046 suscipiet:
950 2983 981 3031 cl.
1010 2983 1177 3046 diligentiam,
1204 2984 1217 3043 ᾖ
1243 2980 1327 3043 89.-

220 3060 293 3107 stood
322 3058 408 3107 before
435 3059 540 3121 starting
565 3075 599 3107 on
625 3059 668 3107 the
694 3076 759 3108 tace.
789 3072 825 3122 13.
843 3060 896 3121 qui
909 3096 913 3107 .
928 3095 933 3107 .
947 3095 952 3107 .
965 3062 1061 3120 putet,
1073 3059 1178 3106 without
1187 3058 1326 3121 thinking,-

223 3136 333 3199 (Rama,
361 3151 386 3199 p.
418 3135 633 3199 348.)-isdem
661 3132 760 3199 repea'ts
787 3151 929 3183 acommon
942 3137 1015 3183 mode
1028 3134 1057 3182 ol
1065 3134 1199 3197 supplying
1212 3134 1255 3182 the
1266 3134 1326 3181 laclr

219 3212 367 3276 aequalibus
386 3211 449 3261 after
469 3212 512 3260 the
532 3212 702 3277 parentheses,
722 3212 760 3260 in·
787 3211 815 3260 ol
824 3212 935 3260 averbal
947 3227 1023 3259 noun.

219 3290 291 3337 stead
315 3288 344 3336 ol
368 3288 411 3336 the
436 3304 505 3337 more
529 3305 645 3337 common
672 3289 712 3335 iis.
727 3315 760 3323 -
839 3300 875 3352 17.
893 3287 1075 3336 admensus:
1096 3285 1127 3335 cl.
1153 3286 1222 3351 §15
1242 3286 1326 3334 where

221 3376 243 3425 3.
272 3364 396 3422 calcem,
428 3364 471 3412 the
504 3365 641 3413 chath-line
674 3365 760 3412 drawn
786 3364 914 3412 canse'nsio'
935 3364 954 3412 is
977 3364 1038 3412 used
1060 3362 1119 3410 with
1144 3362 1186 3410 the
1210 3362 1327 3423 genitive.

219 3455 304 3488 across
320 3440 363 3489 the
380 3440 460 3488 circus
477 3440 503 3488 in
520 3440 587 3488 sront
603 3439 633 3488 of
646 3441 689 3488 the
707 3456 760 3488 car·
787 3440 852 3489 Both
865 3456 906 3488 are
918 3440 1026 3488 abstract
1041 3453 1130 3496 nouus,
1144 3439 1187 3486 but
1200 3438 1330 3485 co'nslnsii

219 3530 297 3565 ceres.
329 3516 354 3564 It
369 3517 522 3564 constituted
538 3517 582 3564 the
599 3517 657 3579 goal
675 3516 759 3564 analo·
787 3516 807 3564 is
824 3522 968 3578 agreement
981 3532 1007 3564 as
1025 3531 1040 3563 a
1057 3521 1120 3563 state
1138 3514 1166 3561 of
1181 3514 1258 3570 mind,
1270 3518 1327 3561 cln-

219 3606 282 3655 gous
294 3597 320 3639 to
333 3608 378 3639 our
389 3592 516 3654 ‘winning
527 3594 598 3654 post)
786 3596 871 3639 sinsus
883 3592 903 3640 is
912 3592 1050 3639 successive
1060 3597 1112 3639 acts
1121 3590 1149 3637 of
1158 3590 1284 3652 agreeing.
1295 3616 1329 3625 -

272 3680 309 3715 11.
327 3668 359 3715 in
377 3667 525 3724 manibus,
542 3668 605 3716 hove
624 3669 645 3716 it
666 3668 761 3731 always
790 3680 826 3728 19.
844 3680 1006 3729 numquam
1018 3703 1024 3716 .
1038 3704 1043 3716 .
1057 3704 1062 3714 .
1075 3668 1113 3715 ne
1129 3702 1154 3715 ..
1170 3703 1176 3715 .
1191 3666 1326 3728 quidem:

220 3742 300 3810 before
317 3760 363 3804 me,
381 3742 497 3793 different
512 3743 576 3792 from
594 3745 624 3792 in
641 3744 761 3793 manibus
786 3759 828 3793 see
838 3759 872 3792 on
885 3748 1081 3808 nin...neque,
1092 3743 1105 3805 5
1117 3742 1325 3807 73.—oltend1,
