2950 4159
235 284 277 346 68
383 362 387 372 ι
713 292 864 341 marrus

287 472 381 515 amor
396 450 562 538 exoriatur
573 469 711 513 necesse
724 459 784 513 est.
832 449 911 532 quid
924 449 1012 513 enim
1024 460 1093 513 tam
1110 451 1291 514 absurdum
1306 463 1347 529 49

287 576 387 638 quam
411 556 568 618 dalectari
591 554 702 617 multis
726 553 881 617 inanibus
904 537 1012 631 rebus,
1034 564 1072 618 ut
1095 556 1229 633 honore,
1254 566 1292 619 ut

287 660 401 743 glaria,
418 662 455 723 ut
477 659 634 735 aedificia,
659 669 696 722 ut
718 666 840 722 vestita
865 659 1024 742 cultaque
1047 660 1204 741 corporis,
1223 661 1292 723 ani-

286 774 399 827 mante
422 764 544 828 virtate
563 763 722 846 praedita,
747 771 788 826 eri
810 773 867 845 qui
888 763 942 826 vel
965 771 1079 827 amare
1101 765 1163 841 vel,
1184 775 1221 828 ut
1244 765 1290 828 ita

249 870 405 946 sdicam,
437 869 609 932 redamare
640 868 754 950 possit,
786 875 854 930 nan
892 867 1071 931 admodum
1110 869 1289 933 delectari?

287 973 368 1037 nihil
392 982 444 1036 est
466 973 555 1035 enim
578 971 846 1035 remaneratiane
865 972 1127 1048 benevolentiae,
1145 972 1227 1035 nihil
1245 974 1290 1036 vi-

288 1077 481 1141 cissitadine
497 1076 680 1140 studitarum
697 1076 946 1159 officiarumque
962 1076 1148 1140 iacundius
1187 1077 1289 1159 quid?
1307 1088 1344 1137 50

287 1191 315 1245 si
337 1180 418 1243 illud
440 1180 541 1244 etiam
564 1180 725 1256 addimus,
743 1179 833 1262 quod
856 1187 946 1243 recta
968 1180 1047 1243 addi
1069 1190 1190 1263 potest,
1207 1180 1289 1243 nihil

287 1306 360 1349 esse
379 1286 468 1368 quod
489 1285 531 1347 ad
551 1292 587 1348 sa
606 1304 675 1347 rem
697 1285 797 1346 allam
816 1294 885 1348 tam
904 1283 1029 1348 inliciat
1043 1295 1077 1348 et
1093 1294 1162 1347 tam
1177 1286 1290 1348 trahat

237 1417 264 1450 ιο
287 1410 386 1471 quam
414 1389 456 1452 ad
483 1388 661 1452 amicitiam
689 1388 879 1465 similitada,
908 1389 1110 1452 concadatur
1135 1390 1289 1472 profecto

286 1500 400 1556 verum
420 1513 502 1570 esse,
521 1503 557 1557 ut
575 1493 680 1556 bonas
699 1493 780 1556 boni
797 1493 937 1574 diligant
955 1493 1209 1575 adsciscantque
1225 1493 1289 1557 sibi

286 1597 382 1680 quasi
409 1597 655 1679 propinquitate
683 1597 878 1660 conirinctas
905 1606 1006 1679 atque
1033 1604 1171 1674 natara3
1206 1598 1288 1661 nihil

286 1712 338 1766 est
356 1701 444 1764 enim
465 1700 677 1782 adpetentius
699 1700 855 1764 similium
872 1711 924 1764 sui
938 1722 1000 1765 nec
1016 1702 1171 1784 rapacius
1186 1723 1288 1785 quam

285 1812 412 1869 natira.
459 1826 559 1889 quam
582 1805 625 1868 ob
648 1825 717 1868 rem
742 1806 804 1869 hac
828 1806 971 1888 quidem,
997 1807 1106 1869 Fanni
1132 1816 1167 1869 et
1191 1807 1289 1871 Scae-

236 1931 263 1978 15
285 1910 369 1985 vola,
387 1918 526 1986 canstet,
543 1919 580 1972 ut
596 1919 722 1991 opinor,
736 1909 833 1976 bonis
845 1910 932 1973 inter
943 1910 1050 1973 bonas
1065 1910 1162 1992 quasi
1176 1930 1289 1974 neces-

286 2014 406 2077 sariam
422 2014 698 2090 benevolentiam,
716 2023 774 2096 qui
788 2023 840 2077 est
860 2014 1024 2078 amicitiae
1040 2015 1117 2077 tons
1133 2022 1152 2078 a
1170 2022 1288 2078 natara
1364 2090 1367 2096 ¹

285 2118 493 2182 canstitatus
541 2118 601 2181 sed
624 2119 743 2181 eadem
767 2118 899 2182 bonitas
922 2118 1023 2182 etiam
1045 2119 1088 2182 ad
1110 2119 1288 2183 multitadi-

234 2350 262 2383 or
274 2335 476 2384 condition-1.
488 2336 657 2385 exoriatur:
673 2335 717 2383 the
729 2335 772 2396 fig·
800 2347 822 2398 7.
842 2334 1020 2394 studitarum,
1029 2335 1152 2398 personal
1160 2335 1283 2400 affection,
1296 2334 1341 2382 the

234 2426 277 2459 ure
297 2411 318 2459 is
338 2411 367 2459 oi
387 2411 430 2460 the
450 2412 526 2475 rising
549 2427 604 2471 sun,
624 2411 773 2474 continuing
798 2411 902 2474 striving
922 2411 960 2459 for
980 2412 1087 2459 another
1107 2411 1134 2458 in
1153 2410 1235 2458 which
1259 2411 1340 2476 ficia

232 2487 334 2535 &laceat
799 2487 862 2535 have
875 2487 938 2536 their
949 2503 1044 2536 source.
1081 2485 1165 2550 (Sey.)

284 2575 306 2625 3.
324 2563 428 2613 culta:
457 2564 499 2612 the
517 2580 573 2613 care
593 2563 623 2612 of
642 2564 685 2613 the
705 2563 773 2626 body
850 2575 887 2612 ro.
900 2562 1340 2631 similitadfldorsimilitadinem,

233 2638 316 2687 which
328 2640 401 2688 tends
418 2646 444 2687 to
462 2641 492 2688 its
510 2641 601 2703 beauty
614 2641 665 2688 and
683 2641 771 2688 adorn-
798 2641 922 2688 attracted
933 2639 965 2701 by
977 2640 1048 2702 quad,
1061 2638 1124 2687 from
1140 2638 1183 2687 the
1199 2639 1340 2686 accusative

233 2721 380 2776 ment-4.
398 2715 436 2765 θό
454 2717 513 2777 qui,
531 2732 578 2764 one
594 2717 665 2772 that:
689 2717 776 2780 isqui
798 2715 881 2764 which
895 2715 1017 2778 regularly
1029 2730 1117 2763 occurs
1128 2714 1187 2763 with
1203 2731 1280 2778 quam
1293 2714 1340 2762 iol·

232 2806 315 2839 serves
327 2791 365 2839 ior
377 2792 514 2840 additional
523 2793 667 2852 definition3
687 2793 715 2850 is,
728 2797 776 2855 qur·
797 2792 929 2854 lowingan
937 2791 1143 2840 infinitiva—11.
1153 2790 1289 2852 diligant,
1296 2806 1340 2838 see

233 2867 293 2915 calls
302 2868 425 2915 attention
438 2875 463 2915 to
475 2869 618 2930 something
629 2868 658 2916 oi
667 2869 772 2916 another
798 2883 832 2915 on
841 2875 871 2916 ut
881 2903 887 2916 .
899 2902 906 2915 .
922 2904 928 2915 .
940 2868 1070 2930 adpareat,
1081 2867 1095 2929 §
1105 2865 1185 2915 68.-
1195 2878 1231 2928 13.
1249 2866 1340 2926 adpe-

233 2943 410 2992 character.-
417 2955 440 3007 5.
457 2945 626 2993 redamare:
648 2943 691 2991 the
704 2944 772 2992 coin·
798 2945 920 3003 tentius,
932 2945 994 2994 used
1005 2944 1033 2992 oi
1042 2945 1086 2992 the
1098 2944 1187 3001 desire,
1197 2944 1341 3003 rapacius

233 3021 278 3085 ing
293 3023 322 3070 oi
334 3038 348 3071 a
359 3025 426 3072 word
443 3031 468 3071 to
484 3024 579 3072 imitate
597 3025 735 3083 ἀντιφιλεῖν
752 3024 773 3072 is
799 3021 828 3069 oi
843 3021 886 3069 the
906 3027 954 3070 act.
1000 3022 1103 3069 Present
1122 3019 1265 3083 participles
1285 3019 1341 3065 that

234 3101 339 3148 excused
352 3100 471 3162 byutita
484 3101 576 3149 dicam.
606 3099 696 3162 (Lah.)
725 3101 772 3148 Re·
799 3102 891 3149 denote
907 3101 1001 3165 quality
1019 3101 1045 3148 in
1063 3099 1174 3163 general,
1190 3099 1240 3146 and
1260 3106 1305 3144 not
1325 3113 1340 3144 a

233 3175 341 3224 clamare
353 3177 413 3224 does
426 3182 469 3224 not
487 3192 561 3224 occur
578 3177 652 3239 again
669 3175 705 3224 till
723 3176 772 3224 late
800 3177 901 3225 definite
926 3177 1010 3226 action
1036 3192 1064 3224 or
1090 3175 1205 3233 relation,
1232 3174 1340 3222 become

234 3251 308 3299 Latin
320 3251 453 3302 literature.
490 3253 549 3316 (R.)
585 3253 640 3301 The
658 3260 773 3302 constant
799 3253 941 3316 adjectiveS,
964 3254 1014 3302 and
1037 3268 1079 3301 are
1101 3252 1217 3300 followed
1240 3251 1273 3312 by
1297 3250 1342 3297 the

233 3343 277 3376 use
295 3328 323 3375 oi
339 3335 368 3376 ut
383 3330 419 3376 ita
437 3329 526 3387 airam,
541 3331 623 3393 quasi,
634 3337 773 3394 tamquam,
800 3331 1107 3394 genitive-similium:
1121 3335 1209 3377 neuter
1218 3328 1243 3374 in
1253 3342 1340 3388 agree·

234 3405 283 3452 and
297 3404 399 3468 quidam
411 3406 493 3454 shows
510 3407 566 3454 how
579 3405 671 3456 careiul
685 3407 773 3456 Cicero
799 3415 870 3456 ment
881 3407 940 3455 with
953 3408 995 3455 the
1010 3405 1112 3468 general
1130 3404 1245 3466 negative
1264 3403 1342 3451 nihil.

234 3495 284 3528 was
296 3481 321 3527 in
334 3481 377 3529 the
390 3497 432 3529 use
445 3482 474 3530 oi
482 3485 570 3532 words.
601 3484 664 3531 Like
674 3484 773 3540 Caesar,
800 3511 832 3519 —
842 3495 878 3548 15.
896 3483 1107 3538 necessariam,
1126 3480 1277 3536 attributive,
1296 3486 1344 3526 not

234 3555 266 3604 he
281 3556 340 3605 held
353 3557 371 3605 it
386 3573 413 3606 as
428 3575 443 3605 a
456 3559 625 3607 fundamental
644 3560 773 3622 principle,
799 3560 939 3623 predicate3
955 3575 988 3607 sc.
998 3557 1131 3607 essa—16.
1145 3557 1204 3618 qui,
1216 3557 1343 3603 attracted

234 3635 285 3681 “ut
296 3639 423 3697 tamquam
435 3636 566 3699 scopulum
585 3642 620 3685 sic
639 3637 718 3698 fugias
736 3637 773 3684 in·
800 3643 826 3684 to
839 3637 881 3684 the
893 3635 1109 3699 genderoisans:
1127 3649 1142 3681 a
1154 3647 1271 3680 common
1281 3647 1344 3679 con-

234 3710 347 3761 auditum
371 3716 445 3774 atque
467 3711 579 3760 insolans
601 3712 728 3760 verbum.”
740 3739 775 3748 —
799 3712 920 3761 struction
928 3711 1003 3760 when
1015 3711 1058 3759 the
1069 3709 1172 3758 relative
1183 3708 1247 3757 adds
1258 3722 1273 3756 a
1285 3723 1344 3756 new
