2950 4159
599 292 764 347 enarrer
787 292 834 343 rx.
1227 296 1266 361 53

215 462 314 535 atque
334 451 517 534 indigentia
535 459 648 514 natam
668 453 803 515 volunt:
831 451 920 533 quod
943 460 972 513 si
992 450 1039 514 ita
1061 460 1159 527 esset,
1181 460 1218 513 ut

215 558 354 640 quisque
370 556 543 620 minimum
560 577 633 619 esse
650 556 682 619 in
700 564 735 618 se
752 556 973 630 arbitrabitur,
991 555 1036 618 ita
1051 555 1094 617 ad
1110 555 1218 618 amici-

214 661 293 723 tiam
310 671 399 725 esset
414 660 614 743 aptissimus,
632 660 720 743 quod
736 660 836 741 longe
852 680 947 723 secus
963 669 1023 723 est.
1070 668 1108 723 ut
1128 660 1216 723 enim
1232 675 1268 725 3ο

214 765 353 848 quisque
371 766 432 829 sibi
448 765 627 847 plurimum
646 765 787 828 confidit
805 774 839 827 et
859 774 896 827 ut
914 764 1054 847 quisque
1075 766 1217 828 maxime

179 894 192 941 ς
214 853 335 933 virtute
361 879 394 934 et
419 870 582 952 sapientia
607 880 653 933 sic
678 877 825 932 munitus
852 879 912 945 est,
937 878 974 932 ut
1000 870 1093 932 nullo
1118 879 1217 951 egeat

215 994 340 1056 suaque
357 974 467 1037 omnia
482 974 516 1036 in
533 981 569 1037 se
584 975 658 1056 ipso
673 973 782 1055 posita
798 973 929 1050 iudicet,
947 973 992 1036 ita
1010 973 1044 1036 in
1065 974 1216 1037 amicitiis

214 1079 408 1159 expetendis
424 1078 639 1161 colendisque
658 1078 799 1140 maxime
817 1078 955 1141 excellit.
1002 1078 1082 1160 quid
1105 1079 1216 1141 enim?

214 1166 397 1245 hiricanus
410 1182 564 1264 indigens
580 1182 663 1245 mei?
701 1182 837 1244 minime
853 1182 1002 1245 hercule!
1038 1190 1077 1245 {tc
1094 1191 1136 1245 ne
1152 1203 1216 1264 ego

214 1286 348 1368 quidem
372 1287 476 1350 illius:
504 1287 563 1349 sed
588 1307 651 1368 ego
678 1286 894 1349 admiratione
919 1287 1062 1369 quadam
1085 1286 1216 1350 virtutis

165 1418 193 1451 10
214 1390 293 1467 eine,
316 1392 369 1454 ille
390 1391 533 1455 vicissim
558 1390 713 1472 opinione
736 1391 881 1453 fortasse
903 1399 970 1454 non
993 1391 1093 1467 nulla,
1115 1411 1215 1473 quam

214 1495 255 1557 de
276 1505 357 1558 meis
379 1496 524 1559 moribus
548 1494 701 1571 habebat,
726 1501 780 1556 me
802 1494 931 1571 dilexit3
963 1494 1053 1557 auxit
1075 1494 1216 1558 benevo

214 1599 349 1662 lentiam
366 1599 579 1662 consutitddo.
627 1599 686 1662 sed
702 1619 902 1681 quamquam
920 1598 1076 1662 utilitates
1092 1599 1215 1663 multae

214 1712 247 1766 et
262 1710 404 1785 magnae
421 1710 619 1766 consecutae
635 1712 721 1779 sunt,
738 1711 806 1765 non
822 1711 900 1766 sunt
915 1712 1027 1766 tamen
1044 1703 1086 1765 ab
1101 1709 1215 1766 earum

214 1816 273 1888 spe
290 1827 410 1871 causae
426 1807 584 1889 diligendi
599 1808 788 1889 profectae3
811 1817 849 1870 ut
868 1807 957 1871 enim
979 1807 1119 1871 benefici
1138 1807 1215 1871 libe·
1230 1822 1263 1873 31

166 1912 516 1994 15ralesquesumu5,
544 1919 611 1974 non
638 1921 674 1973 ut
701 1911 871 1993 exigamus
898 1912 1215 1993 gratiam—neque

213 2016 301 2078 enim
324 2014 523 2079 beneficium
546 2016 891 2091 faeneramur,—sed
914 2023 1033 2078 natura
1057 2023 1216 2097 propensi

213 2120 256 2182 ad
271 2120 501 2183 liberalitatem
521 2140 643 2196 sumus,
664 2130 710 2183 sic
730 2119 908 2183 amicitiam
927 2129 994 2183 non
1013 2128 1074 2201 spe
1094 2128 1216 2183 merce-

213 2224 264 2287 dis
276 2224 419 2301 adducti,
434 2224 492 2287 sed
505 2224 593 2307 quod
609 2224 716 2287 omnis
733 2224 803 2287 eius
819 2226 948 2287 fructus
964 2224 997 2286 in
1013 2224 1087 2306 ipso
1102 2232 1214 2288 amore

164 2403 349 2453 ...volunt:
376 2402 425 2451 this
443 2402 524 2451 clause
542 2409 640 2466 repeats
657 2404 700 2451 the
726 2416 751 2463 9.
770 2403 896 2452 virtt'ttin
918 2404 1024 2451 denotes
1044 2402 1153 2451 ‘virtue’
1174 2402 1200 2450 in
1220 2402 1264 2451 the

163 2479 220 2527 idea
236 2479 265 2526 of
279 2495 375 2542 quam.
392 2512 398 2525 .
414 2514 419 2525 .
433 2479 565 2544 proficisci,
582 2479 627 2527 but
641 2479 699 2527 with
727 2485 780 2527 true
796 2480 896 2527 Roman
909 2494 982 2527 sense
996 2478 1025 2526 ol
1039 2478 1125 2540 ability
1141 2480 1192 2527 and
1209 2494 1264 2528 suc·

164 2555 302 2603 additional
314 2555 397 2612 detail,
413 2570 439 2603 as
455 2556 545 2618 inopid
562 2556 612 2603 and
630 2556 699 2603 indi·
726 2570 781 2602 cess
800 2556 826 2602 in
846 2555 931 2618 public
952 2555 1003 2612 lise,
1024 2554 1050 2601 in
1071 2554 1215 2618 opposition
1236 2561 1263 2603 to

160 2633 249 2695 gentici
260 2633 352 2680 denote
368 2632 411 2679 the
425 2631 482 2679 lack
497 2631 526 2679 of
539 2632 699 2693 advantages,
727 2632 845 2688 moribus,
863 2631 906 2679 the
930 2631 1094 2679 excellencies
1117 2630 1147 2678 ol
1168 2630 1264 2694 private

163 2715 290 2772 property,
300 2707 431 2765 influence,
442 2714 498 2765 etc.‚
507 2708 590 2756 which
602 2708 700 2771 springs
727 2707 863 2755 character.
872 2734 906 2742 —
916 2719 952 2755 10.
968 2708 1041 2765 eius,
1054 2705 1188 2768 subjective
1201 2722 1264 2769 gen·

164 2783 227 2831 from
239 2783 334 2831 natural
348 2784 478 2831 wealtness
494 2799 521 2831 or
535 2782 696 2845 inefficiency.
726 2782 793 2831 itive.
801 2810 834 2819 —
844 2795 880 2831 12.
892 2783 1006 2833 multae
1018 2786 1050 2833 et
1061 2785 1201 2845 mitgnae:
1220 2784 1264 2831 the

163 2886 196 2895 —
209 2872 227 2907 1.
246 2859 347 2921 quod.
365 2894 371 2907 .
388 2895 393 2905 .
411 2863 501 2918 esset,
521 2860 563 2907 i.e.
583 2860 637 2907 that
657 2860 700 2907 the
727 2858 889 2921 conjunction
901 2860 922 2907 is
934 2866 978 2907 not
990 2860 1103 2917 omitted,
1119 2874 1145 2907 as
1157 2859 1183 2906 in
1196 2859 1261 2921 Eng-

164 2935 244 2998 origin
256 2934 283 2982 ol
295 2935 431 2998 lriendship
444 2936 464 2983 is
476 2951 491 2983 a
503 2951 575 2984 sense
588 2935 616 2983 os
626 2943 699 2984 want.
726 2935 783 2993 lish,
793 2936 906 2984 between
916 2943 965 2983 two
977 2934 1111 2997 adjectives
1123 2934 1264 2997 modifying

163 3015 237 3060 -ut
250 3046 255 3057 .
272 3046 277 3057 .
294 3047 299 3057 .
315 3012 498 3071 aptissimus,
515 3012 553 3059 the
563 3012 646 3075 sewer
661 3028 700 3059 re·
726 3027 775 3077 one
788 3028 864 3069 noun,
874 3012 958 3060 unless
970 3027 1018 3059 one
1031 3010 1143 3075 qualifies
1154 3011 1197 3058 the
1206 3026 1264 3058 cou-

162 3102 258 3135 sources
267 3104 313 3135 orte
321 3087 442 3134 thinkslze
448 3093 569 3149 possesses,
579 3089 617 3136 the
628 3088 700 3136 better
726 3088 827 3151 ception
848 3088 877 3135 of
897 3088 939 3136 the
962 3102 1031 3135 nouu
1051 3087 1102 3135 and
1124 3087 1167 3135 the
1191 3087 1263 3135 other

161 3163 240 3228 fitted
254 3164 275 3210 is
291 3163 321 3210 lte
330 3164 378 3227 sor
388 3163 543 3228 friendslu'p.
578 3163 616 3213 Cs.
633 3164 699 3227 546,
726 3163 847 3226 adjective
859 3164 982 3225 together.

163 3238 213 3285 and
226 3253 259 3284 on
271 3239 364 3300 optimo
373 3243 468 3301 cuique,
481 3238 495 3300 ξ
509 3250 545 3299 13.
778 3253 815 3305 15.
833 3240 1002 3301 exigamus:
1022 3240 1083 3287 used
1095 3239 1125 3287 of
1133 3238 1226 3301 calling
1237 3239 1262 3287 in

214 3326 236 3377 7.
254 3315 327 3376 quid
344 3314 444 3364 enim?
465 3315 520 3363 The
538 3316 656 3365 omission
674 3317 702 3364 oi
726 3332 741 3363 a
752 3316 811 3363 loan
823 3316 896 3363 when
909 3318 969 3374 due3
992 3317 1081 3373 hence,
1096 3320 1137 3363 ‘to
1153 3316 1263 3365 demand

163 3390 205 3438 the
218 3390 278 3438 verb
290 3391 350 3438 here
363 3392 413 3439 and
425 3391 485 3440 with
502 3392 617 3456 indigens
631 3393 700 3455 gives
726 3408 754 3440 as
771 3393 841 3440 one’s
858 3392 982 3453 right’-
993 3392 1029 3441 16.
1048 3392 1117 3441 sod:
1143 3408 1175 3440 an
1192 3392 1264 3440 iude-

163 3466 205 3514 the
230 3467 297 3514 force
321 3466 349 3514 oi
372 3483 405 3515 an
429 3468 593 3517 exclamation
616 3470 699 3517 rather
726 3470 838 3533 pendent
862 3468 1005 3516 affirmative
1032 3468 1115 3517 clause
1138 3468 1198 3516 with
1223 3466 1268 3515 sed

163 3542 224 3590 than
248 3558 280 3590 an
303 3542 494 3605 interrogation.
538 3545 603 3591 How
623 3545 701 3593 then!
726 3544 795 3592 often
812 3544 907 3591 follows
925 3550 976 3592 nin
994 3549 1044 3607 quei
1059 3560 1087 3591 or
1105 3550 1156 3592 min
1175 3551 1210 3601 ut,
1226 3544 1264 3591 in·

163 3620 307 3683 Africanus
333 3620 397 3667 need
419 3620 552 3669 mes-8.
578 3623 617 3669 115
632 3643 642 3669 ¹.
663 3656 669 3669 .
690 3656 696 3669 .
726 3622 797 3670 stead
815 3620 845 3668 os
861 3636 876 3668 a
893 3620 995 3668 relative
1013 3620 1096 3668 clause
1114 3621 1172 3668 with
1192 3619 1263 3682 quia,

163 3696 293 3758 quidem,
305 3696 363 3743 and
373 3698 456 3759 surely
469 3697 565 3745 neither
579 3698 627 3745 did
638 3699 701 3745 l.-
727 3704 762 3756 ut,
774 3712 802 3745 or
815 3700 854 3755 ni,
867 3698 1065 3760 corresponding
1079 3703 1105 3746 to
1120 3696 1163 3744 the
1179 3694 1263 3742 clause
