2950 4159
601 275 765 323 cuninae
787 274 861 322 xx1.
1241 266 1282 344 87

213 432 335 496 'scidia
357 433 460 509 liant3
492 442 542 495 sin
566 433 632 495 tele
656 431 779 514 aliquid
803 432 959 508 evenerit,
986 441 1022 494 ut
1049 430 1231 495 exstinctae

233 536 342 618 potius
366 536 528 600 amicitiae
552 557 651 619 quam
675 557 859 618 oppressae
882 536 1066 598 videantur.
1117 556 1233 598 caven-

233 641 312 703 dum
327 648 406 703 vero
424 649 467 702 ne
485 640 585 704 etiam
605 641 638 703 in
655 650 766 721 gravis
782 640 969 703 inimicities
985 649 1182 702 convertant
1197 648 1233 702 se

234 745 405 821 amicitiae,
435 766 476 808 ex
502 745 623 827 quibus
653 745 770 826 iurgia,
799 744 982 820 maledicta,
1011 743 1232 807 contumeliae

196 871 210 918 ς
233 850 417 931 gignuntur
424 871 431 927 ;
457 869 542 931 quae
561 858 674 912 tamen
694 858 722 910 si
741 848 928 911 tolerabiles
946 856 1051 923 erunt,
1069 847 1233 910 ferundae

234 964 311 1016 sunt
329 964 363 1016 et
381 955 434 1016 hic
457 954 563 1015 honos
582 962 686 1016 veteri
702 952 865 1015 amicitiae
880 952 1086 1026 tribuendus
1105 961 1141 1013 ut
1155 951 1183 1015 is
1199 951 1233 1013 in

234 1058 331 1139 culpa
347 1057 397 1133 sit,
416 1067 474 1140 qui
487 1057 598 1132 faciat,
616 1065 683 1118 non
699 1057 735 1132 is,
753 1066 810 1139 qui
826 1056 970 1137 patietur
985 1055 1146 1118 inieriam.

278 1163 425 1226 Omnino
437 1161 584 1223 omnium
598 1161 715 1223 horum
729 1160 883 1222 vitierum
897 1170 997 1242 atque
1012 1160 1234 1222 incommode

234 1287 306 1328 rum
330 1273 397 1328 rina
420 1265 530 1328 cautio
552 1276 604 1328 est
626 1275 726 1347 atque
751 1272 818 1326 rina
840 1264 993 1345 provisis),
1011 1273 1048 1326 ut
1070 1272 1113 1326 ne
1135 1264 1233 1328 nimis

184 1393 211 1426 10
233 1370 299 1434 cito
322 1369 458 1450 diligere
478 1369 639 1450 incipiant
655 1377 738 1432 neve
755 1377 822 1431 non
839 1369 967 1449 dignos.
1014 1369 1107 1449 digni
1122 1378 1234 1430 autem
1248 1378 1285 1429 79

234 1484 312 1537 sunt
338 1473 490 1549 amicitia,
520 1473 640 1556 quibus
667 1473 701 1534 in
728 1473 809 1554 ipsis
837 1473 924 1535 inest
950 1493 1052 1535 causa
1082 1479 1140 1534 ctir
1166 1471 1235 1534 dili-

166 1595 168 1598 ·
234 1587 363 1658 gantur.
411 1585 521 1639 rerum
548 1577 673 1658 genus!
702 1586 735 1639 et
763 1577 897 1659 quidem
924 1576 1037 1639 omnia
1063 1576 1234 1657 praeclera

234 1689 316 1758 retra,
334 1701 396 1745 nec
416 1682 592 1764 quicquam
612 1679 776 1743 difficilius
795 1702 895 1762 quam
915 1691 1061 1762 reperire
1082 1681 1170 1762 quod
1192 1679 1235 1742 sit

234 1797 324 1848 omni
340 1807 379 1848 ex
395 1795 490 1867 parte
507 1786 540 1847 in
557 1792 618 1847 sue
633 1805 756 1865 genere
774 1786 969 1866 perfectum.
1010 1785 1068 1847 sed
1085 1785 1233 1866 plerique

183 1911 210 1958 15
235 1911 342 1972 neque
358 1889 391 1952 in
408 1889 507 1952 rebus
525 1890 679 1951 humenis
696 1889 872 1972 quicquam
892 1888 1017 1951 bonum
1033 1897 1155 1951 norunt
1171 1887 1235 1950 nisi

234 1995 323 2077 quod
338 1995 548 2056 fnictuosum
565 1992 615 2068 sit,
634 2002 667 2056 et
683 2001 808 2055 amices
826 2003 998 2075 tamquam
1015 1993 1161 2074 pecudes
1177 2000 1234 2055 eos

202 2095 203 2098 '
234 2097 443 2180 potissimum
467 2097 619 2178 diligunt,
636 2117 677 2160 ex
697 2096 818 2179 quibus
839 2105 975 2179 sperant
996 2104 1033 2159 se
1056 2095 1233 2158 meximum
1327 2144 1331 2150 .

182 2313 255 2356 tance
278 2321 305 2355 as
325 2305 381 2354 well
398 2321 426 2354 as
443 2306 511 2354 time.
523 2333 557 2342 -
570 2317 590 2354 1.
608 2305 721 2355 exstin·
748 2306 849 2368 §27.—
856 2317 879 2367 3.
891 2305 973 2364 vere,
985 2305 1119 2365 intensive;
1139 2305 1182 2354 the
1194 2304 1299 2369 imporg

181 2387 252 2432 otae
265 2418 271 2432 .
285 2419 290 2430 .
304 2419 310 2431 .
322 2394 500 2443 oppressae:
519 2382 561 2430 the
573 2382 623 2429 first
635 2396 722 2429 means
748 2390 802 2432 tant
813 2384 997 2432 consideration
1008 2384 1029 2432 is
1041 2392 1067 2432 to
1079 2390 1183 2448 prevent
1198 2400 1214 2432 a
1229 2400 1287 2448 rup-

181 2459 266 2521 slowly
286 2459 469 2521 extinguished,
489 2458 540 2506 like
561 2473 576 2506 a
596 2458 650 2516 fire3
678 2457 721 2505 the
748 2467 801 2508 ture
814 2459 842 2508 os
852 2460 1001 2524 friendship3
1023 2461 1067 2509 but
1083 2461 1104 2509 if
1119 2461 1173 2509 that
1189 2476 1283 2520 occurs,

181 2537 276 2584 second
296 2551 383 2584 means
401 2534 586 2584 overwhelmed
604 2534 636 2596 by
652 2548 721 2581 some
748 2537 767 2584 it
779 2537 839 2584 then
851 2537 969 2585 becomes
984 2537 1120 2600 important
1133 2543 1163 2585 ‘to
1180 2543 1286 2600 prevent

181 2613 279 2660 sudden
297 2611 377 2670 force;
398 2627 427 2660 so
443 2612 494 2660 Cat.
509 2611 576 2659 Mai.
593 2622 637 2674 71:
656 2609 720 2657 adu·
747 2612 803 2659 love
834 2612 898 2660 from
928 2613 1029 2675 turning
1060 2613 1113 2661 into
1145 2613 1286 2660 balred.—

181 2689 293 2736 lesceutes
314 2688 379 2736 milei
402 2692 472 2735 more·
489 2692 523 2734 sic
542 2687 672 2744 videntur,
693 2693 723 2733 ut
747 2688 770 2736 8.
792 2688 921 2746 omnino,
941 2695 964 2736 to
982 2705 1038 2736 sum
1063 2696 1115 2751 up,·
1139 2688 1240 2751 looking
1259 2695 1288 2737 at

182 2781 238 2813 cum
257 2780 340 2827 aquae
359 2763 525 2812 multitddine
544 2767 582 2810 vis
595 2763 721 2826 flammae
746 2765 784 2812 the
804 2770 894 2811 matter
913 2779 942 2811 as
961 2780 977 2810 a
997 2764 1079 2812 wlzole.
1114 2764 1172 2827 (R.)
1202 2755 1286 2812 Tbere

181 2841 357 2904 opprimitur;
374 2844 442 2888 senes
459 2846 543 2887 autem
561 2843 602 2896 sic,
622 2845 651 2886 ut
663 2854 719 2885 curn
747 2840 767 2888 is
786 2839 839 2888 also
854 2855 877 2886 *a
899 2839 974 2902 slight
997 2840 1140 2888 concessive
1163 2839 1240 2888 force.
1252 2867 1286 2875 —

181 2923 231 2964 sud
244 2917 422 2980 sponte-millet
435 2915 550 2963 adhibite
561 2918 720 2971 ereremum·
746 2929 770 2976 9.
793 2915 914 2965 cauti6:
941 2915 1038 2964 verbals
1060 2916 1086 2964 in
1110 2917 1136 2964 ie
1157 2916 1215 2963 with
1239 2932 1286 2963 esse

179 3001 237 3056 ptus
256 2993 323 3056 ignis
343 2992 523 3054 exstinguitur.
557 2989 720 3038 “Dissimilar
747 2991 817 3039 often
837 3007 931 3053 convey
948 2991 991 3039 the
1014 2992 1072 3040 idea
1091 2991 1120 3039 oi
1140 2991 1285 3055 possibility.

181 3070 226 3117 but
234 3069 379 3116 codrdinate
388 3067 531 3130 metaphora
539 3082 580 3114 are
588 3065 721 3129 especially
750 3068 836 3131 (Nig,
849 3067 911 3131 §58,
926 3081 947 3126 1,
961 3067 982 3125 b,
994 3082 1019 3130 p.
1032 3067 1101 3130 226.)

136 3141 144 3150 ’
181 3161 299 3194 common
323 3144 383 3193 with
408 3144 481 3190 verbs
505 3142 586 3191 which
611 3143 721 3190 indicate
799 3155 835 3191 12.
849 3144 1004 3204 praeclara
1015 3145 1096 3191 reta:
1113 3143 1155 3191 the
1166 3143 1285 3191 omission

181 3221 338 3282 weakening,
359 3219 510 3281 destroying,
531 3235 559 3266 or
581 3219 718 3280 removing,
747 3219 777 3266 of
792 3219 834 3267 the
854 3220 913 3267 verb
931 3219 952 3267 is
972 3218 1105 3282 especially
1123 3235 1240 3266 common
1259 3219 1285 3266 in

82 3331 85 3336 .
181 3313 217 3356 or,
241 3313 274 3345 on
300 3297 343 3345 the
369 3296 442 3344 other
468 3295 544 3354 band,
570 3295 718 3358 producing,
747 3295 887 3358 proverbial
896 3297 946 3343 and
955 3296 1110 3344 sententious
1122 3295 1285 3358 expressions,

181 3373 380 3435 strengthening,
403 3372 549 3435 prevailing,
573 3387 600 3418 or
624 3385 720 3434 posses·
747 3373 798 3420 and
815 3372 841 3419 in
860 3372 909 3420 this
928 3387 985 3419 case
1003 3372 1138 3419 intensifies
1156 3372 1199 3419 the
1219 3386 1304 3419 asso.

180 3450 236 3498 sion
260 3449 288 3497 of
308 3448 446 3510 strength.'’
486 3448 573 3510 (Neg,
595 3446 676 3508 §128,
698 3459 719 3503 2,
747 3463 829 3494 nance
843 3446 997 3510 (praeclara
1010 3448 1187 3508 rdra).-14.
1204 3446 1286 3496 omni

181 3543 206 3590 p.
225 3525 294 3590 514.)
331 3524 368 3573 Cf.
388 3523 537 3572 dissuendae
557 3523 607 3570 and
627 3522 719 3570 discin-
746 3526 899 3583 exparte,
917 3524 947 3571 in
965 3539 1038 3586 every
1051 3529 1149 3586 respect,
1165 3523 1286 3572 modified

180 3602 276 3650 denelae
296 3601 322 3648 in
343 3600 410 3663 §76.
444 3600 554 3648 Observe
575 3599 618 3646 the
641 3600 721 3660 magis
746 3599 779 3660 by
802 3600 832 3646 iu
857 3605 903 3647 suo‘
921 3615 1024 3663 geum,-
1044 3600 1146 3648 ‘within
1171 3599 1203 3648 its
1228 3613 1285 3647 own

179 3679 251 3727 there
263 3679 314 3726 and
326 3678 412 3740 potius
427 3676 499 3734 here;
521 3690 563 3723 see
581 3691 614 3722 on
626 3676 719 3738 potius,
746 3675 852 3739 sphere.’
