2950 4159
224 314 268 395 96
703 326 854 379 thamus

276 490 412 547 sensum
428 490 468 547 ic
480 483 695 562 voluntatem,
709 486 769 549 sed
785 486 885 550 etiam
899 487 1027 550 vultum
1044 497 1143 572 atque
1159 494 1278 551 mitum

275 588 479 652 convertitur
490 589 501 651 ?

275 735 379 808 negat
394 726 477 809 quis,
494 735 599 808 neg63
620 728 674 804 ait,
692 728 759 806 aio;
782 737 951 812 postremo
967 729 1128 813 imperavi
1143 741 1279 812 egomet

333 830 416 892 mihi

238 955 253 1003 5
276 934 579 1011 omnia'adsentari,

275 1080 312 1135 ut
328 1070 373 1133 ait
388 1072 476 1134 idem
492 1072 680 1149 Terentius
705 1074 765 1138 sed
786 1073 840 1137 ille
862 1074 896 1137 in
916 1075 1103 1139 Gnathonis
1123 1084 1276 1158 persona,

235 1223 237 1225 ψ
275 1176 364 1257 quod
398 1185 496 1238 amici
528 1196 636 1257 genus
670 1177 829 1241 adhibere
863 1188 999 1242 omnino
1035 1180 1178 1244 levitatis
1215 1190 1275 1244 est.

276 1280 371 1342 multi
393 1288 504 1343 autem
529 1280 747 1344 Gnathonum
771 1282 894 1345 similes
918 1304 993 1346 cum
1017 1284 1084 1347 sint
1107 1285 1190 1361 loco,
1214 1285 1278 1347 for·
1293 1296 1330 1345 94

275 1390 366 1458 tuna,
383 1384 476 1445 fama
495 1384 691 1466 superiores
713 1385 830 1448 horum
849 1396 900 1449 est
919 1388 1106 1451 adsentatio
1128 1389 1275 1465 molesta,

225 1514 253 1546 10
275 1507 350 1549 cum
367 1488 409 1550 ad
425 1487 607 1550 vanitatem
623 1490 764 1551 accessit
783 1481 988 1579 auctoritasl
1019 1500 1278 1555 secerni-autem
1294 1503 1328 1554 95

274 1592 417 1655 blandus
433 1601 559 1655 amicus
575 1599 595 1653 a
613 1600 692 1655 vero
711 1602 745 1655 et
763 1593 943 1658 internosci
962 1605 1031 1658 tam
1052 1606 1164 1677 potest
1186 1596 1277 1659 adhi-

275 1696 343 1758 bita
364 1696 535 1777 diligentia
556 1717 656 1779 quam
678 1697 790 1759 omnia
811 1698 925 1762 fricata
946 1709 979 1762 et
1000 1700 1153 1763 simulata
1173 1708 1193 1762 {1
1214 1700 1277 1763 sin-

274 1808 358 1863 ceris
388 1809 488 1882 atque
516 1808 611 1863 veris
672 1800 793 1875 contii),
823 1821 908 1883 quae
946 1822 986 1864 ex
1021 1802 1275 1884 imperitissimis

268 1900 414 1979 constat,
430 1913 543 1967 tamen
559 1904 705 1967 iudicare
721 1906 814 1981 solet,
832 1905 911 1987 quid
927 1905 1056 1970 intersit
1072 1906 1158 1970 inter
1174 1928 1276 1989 popu-

224 2028 251 2075 15
273 2008 386 2083 larem,
409 2006 442 2070 id
465 2017 516 2070 est
537 2007 783 2071 adsentatorem
807 2019 841 2071 et
863 2010 970 2073 levem
995 2019 1109 2087 civem,
1132 2020 1166 2073 et
1190 2010 1276 2073 inter

274 2119 483 2176 constantem
499 2120 533 2173 et
549 2119 700 2174 severum
721 2121 754 2175 et
773 2132 918 2193 gravem.
965 2114 1085 2196 quihus
1106 2114 1274 2177 blanditiis
1291 2124 1328 2175 96

275 2215 312 2279 C.
338 2214 489 2298 Papirius
512 2222 621 2296 nuper
644 2216 804 2279 influebat
829 2217 862 2279 in
888 2228 975 2280 auris
1000 2218 1174 2295 contionis,
1199 2239 1275 2281 cum

274 2320 378 2383 ferret
396 2320 505 2400 legem
523 2319 565 2382 de
585 2319 727 2382 tribunis
749 2320 792 2402 pl.
803 2370 804 2375 1
816 2321 1019 2384 reficiendis!
1059 2321 1275 2385 dissuasimus

273 2527 295 2577 3.
313 2517 418 2577 negat:
436 2514 492 2562 The
512 2514 643 2577 quotation
661 2514 683 2563 is
699 2514 762 2561 from
789 2530 888 2564 comma
910 2515 973 2564 aster
995 2517 1097 2575 similes,
1121 2517 1171 2565 and
1194 2516 1328 2581 supplying

222 2592 266 2640 the
280 2591 423 2639 Eunuchus
439 2601 495 2653 252,
511 2602 566 2653 253,
579 2591 629 2638 and
645 2590 666 2638 is
681 2590 707 2637 in
719 2590 762 2638 the
788 2598 951 2640 sunt-10.
972 2594 1146 2651 vanitatem,
1164 2592 1199 2641 lit.
1224 2594 1328 2657 ‘empti-

223 2667 333 2715 trochaic
345 2672 489 2715 tetrameter
501 2666 630 2714 catalectic
643 2672 721 2714 meter
788 2668 870 2727 ness’;
892 2668 980 2726 hence,
991 2668 1328 2732 insincerity.-auct61i·

226 2766 251 2821 <l
268 2792 293 2822 υ
311 2764 361 2828 >y
384 2791 409 2821 υ
428 2791 454 2821 υ
474 2791 499 2821 υ
521 2764 525 2827 Ι
544 2768 577 2820 L
592 2791 617 2821 υ
639 2764 643 2828 Ι
705 2764 756 2829 >y
788 2744 845 2803 tfis,
868 2743 910 2792 ie.
934 2744 977 2792 the
999 2744 1123 2793 influence
1147 2745 1240 2807 arising
1262 2744 1327 2793 from

275 2856 292 2890 f
311 2850 362 2914 >y
385 2859 412 2905 >
430 2877 455 2907 υ
475 2877 501 2907 υ
523 2850 527 2913 Ι
546 2854 579 2906 L
595 2876 620 2906 υ
639 2850 644 2915 Ι
666 2871 692 2906 Ξ
788 2820 900 2883 superior
912 2820 1071 2882 advantages.
1138 2842 1143 2857 ι

266 2899 298 2907 -
839 2907 875 2956 14.
899 2896 1090 2956 popularem:
1115 2912 1163 2944 one
1186 2896 1244 2945 who
1269 2911 1328 2961 sup-

222 2941 254 2993 L
268 2965 293 2995 V
313 2936 318 3000 l
335 2984 366 2993 ···
379 2943 408 2994 >
426 2936 430 2999 Ι
447 2940 479 2991 L
490 2944 519 2994 >
787 2973 876 3033 ported
895 2972 937 3019 the
958 2987 1031 3019 cause
1052 2971 1081 3020 of
1096 2972 1139 3020 the
1157 2972 1256 3035 people,
1276 2974 1327 3021 and

222 3048 285 3096 -6.
306 3046 450 3108 parsioni:
481 3062 523 3095 see
546 3063 580 3094 on
604 3048 617 3108 ξ
641 3061 665 3108 4.
706 3048 761 3096 The
787 3047 868 3095 hence
886 3050 999 3111 opposed
1016 3048 1059 3095 the
1077 3049 1213 3111 optimatis,
1226 3064 1275 3096 was
1289 3048 1328 3096 for

223 3126 352 3173 character
359 3139 409 3171 was
416 3123 506 3172 thatof
512 3124 649 3186 aparasite,
656 3124 700 3172 the
708 3139 762 3187 pro·
788 3124 842 3171 that
854 3139 949 3181 reason,
960 3124 984 3171 in
998 3123 1107 3171 Cicero's
1116 3124 1186 3182 view,
1196 3124 1266 3171 weak
1276 3125 1326 3172 and

223 3199 339 3249 sessional
354 3199 430 3261 jester
442 3201 493 3247 and
507 3201 661 3262 toady.-7.
679 3200 762 3261 quod
788 3200 936 3258 unreliable;
954 3201 1141 3262 ademagogue.
1150 3227 1182 3235 -—
1193 3200 1229 3247 16.
1242 3201 1328 3249 seve-

222 3313 229 3325 .
244 3314 250 3325 .
265 3312 272 3325 .
287 3288 389 3338 genus,
411 3292 427 3323 a
447 3282 499 3323 sort
516 3276 547 3340 os
555 3275 655 3340 friend
673 3276 760 3323 which.
787 3288 851 3323 rum
861 3279 893 3325 et
905 3269 1032 3337 gravem,
1043 3276 1068 3323 in
1079 3275 1239 3339 explanatory
1249 3290 1327 3339 appo-

223 3354 262 3400 An
275 3352 426 3400 antecedent
443 3352 464 3400 is
481 3351 550 3399 often
568 3352 689 3399 attracted
708 3351 761 3399 into
787 3352 860 3399 sition
879 3359 905 3400 to
922 3357 1081 3399 constantem.
1119 3352 1174 3399 The
1191 3352 1327 3415 repetition

222 3445 237 3475 a
255 3428 357 3475 relative
377 3428 461 3475 clause
483 3427 510 3474 in
530 3426 613 3484 Latin,
633 3427 714 3474 which
735 3428 760 3473 in
788 3427 816 3474 os
834 3428 902 3475 inter
921 3427 942 3475 is
962 3435 1006 3476 not
1028 3443 1164 3489 necessary,
1184 3427 1228 3475 but
1249 3427 1269 3475 is
1289 3426 1327 3475 for

223 3503 327 3565 English
340 3504 360 3551 is
372 3510 417 3566 put
435 3504 459 3550 in
478 3503 619 3565 apposition
637 3509 662 3551 to
676 3519 690 3550 a
706 3519 761 3566 pre·
788 3503 917 3551 clearness.

222 3580 314 3641 ceding
325 3594 401 3626 noun.
839 3591 876 3640 17.
894 3579 1044 3639 Papirius:
1064 3594 1105 3627 see
1116 3595 1149 3626 on
1162 3579 1251 3637 Carbo,
1262 3579 1275 3639 ᾗ
1287 3592 1326 3641 39.

271 3653 294 3703 8.
318 3652 398 3710 1006,
414 3654 512 3717 family
530 3654 692 3716 origia-9.
710 3653 762 3701 ho-
787 3654 982 3712 -iniluebat,
996 3655 1038 3703 the
1051 3656 1127 3717 figure
1144 3654 1173 3701 of
1187 3654 1231 3703 the
1242 3655 1327 3717 gentle

221 3742 302 3778 rum:
332 3729 363 3777 R.
386 3730 459 3777 reads
481 3734 598 3792 quorum,
621 3730 722 3792 putting
747 3744 761 3777 a
787 3728 832 3777 but
855 3729 950 3791 mighty
970 3730 1053 3777 inflow
1073 3729 1102 3778 of
1121 3735 1209 3789 water;
1234 3729 1266 3779 cf.
1287 3731 1328 3779 De
