2950 4159
580 322 745 371 cunrrnn
764 323 834 371 xvr.
1218 328 1258 393 73

206 490 240 543 et
255 480 427 543 datorum:
452 479 583 542 divitior
604 479 684 542 mihi
707 488 741 541 et
764 479 962 543 adfluentior
982 480 1113 543 videtur
1134 502 1208 545 esse

207 592 285 647 vera
302 584 446 647 amicitia
467 604 528 647 nec
550 584 728 647 observare
752 584 902 647 restricte
925 592 967 647 ne
991 585 1067 667 plus
1090 585 1208 649 reddat

207 708 307 771 quam
329 688 513 770 acceperit3
539 708 647 770 neque
671 687 760 750 enim
781 688 964 751 verendum
989 698 1040 751 est
1063 698 1105 752 nse
1128 690 1207 772 quid

207 792 337 855 excidat
359 802 417 855 aut
443 800 486 854 ne
512 792 591 874 quid
618 792 653 854 in
679 802 802 855 terram
829 792 953 855 defluat
980 802 1037 855 aut
1063 801 1105 855 ne
1132 794 1207 875 plus

169 904 314 979 saequo
341 896 420 978 quid
450 896 484 958 in
512 896 690 959 amicitiam
720 903 928 977 congeritur.
985 895 1102 960 tertius
1129 905 1208 961 vero
1224 908 1259 958 59

207 1001 262 1065 ille
283 1001 361 1064 finis
382 1000 588 1076 deferrimuS,
607 1010 652 1076 ut,
667 1009 784 1082 quanti
798 1000 938 1083 quisque
955 1009 991 1063 se
1006 1000 1079 1082 ipse
1095 1002 1205 1077 faciat,

207 1111 292 1164 tanti
313 1103 376 1165 fiat
398 1102 441 1165 ab
465 1112 597 1179 amicis;
626 1124 727 1185 saepe
753 1104 842 1166 enim
867 1104 900 1166 in
926 1104 1125 1187 quibusdam
1150 1114 1207 1167 aut

209 1206 339 1269 animus
355 1206 513 1270 abiectior
529 1217 580 1270 est
599 1217 656 1270 aut
678 1216 756 1289 spes
778 1208 1030 1289 amplificandae
1052 1210 1207 1272 fortunae

207 1310 361 1374 fractior:
384 1318 451 1373 non
468 1321 519 1374 est
535 1311 635 1392 igitur
651 1322 749 1375 amici
764 1313 865 1374 talem
884 1332 957 1375 esse
977 1312 1010 1374 in
1027 1333 1112 1389 eum,
1130 1319 1208 1395 qua-

156 1441 195 1486 10v
208 1414 247 1477 lis
263 1414 317 1478 ille
333 1414 367 1477 in
386 1422 422 1478 sse
441 1425 500 1491 est,
518 1416 578 1479 sed
599 1416 710 1497 potius
732 1424 814 1479 eniti
829 1408 867 1479 vet
888 1416 1018 1479 efficere
1051 1426 1088 1479 ut
1111 1426 1209 1480 amici

206 1519 371 1582 iacentem
387 1520 534 1582 animum
550 1521 670 1584 excitet
689 1520 892 1603 inducatque
914 1520 949 1583 in
970 1541 1064 1601 spem
1086 1522 1208 1602 cogita-

205 1624 396 1705 tionemque
410 1623 587 1687 meliorem.
624 1624 708 1687 alius
724 1624 825 1706 igitur
838 1625 916 1687 finis
928 1632 1026 1688 verae
1043 1625 1207 1689 amicitiae

206 1716 457 1791 constiiuendus
473 1738 533 1804 est,
547 1738 575 1791 si
591 1728 690 1810 prius
709 1728 788 1811 quid
805 1727 945 1791 maxime
961 1730 1207 1810 reprehendere

136 1900 139 1903 ,
207 1831 321 1913 Scipio
337 1832 452 1895 solitus
469 1832 519 1908 sit,
536 1833 668 1895 dixero:
692 1833 839 1914 negabat
855 1834 956 1895 sillam
973 1842 1088 1898 vocem
1104 1834 1209 1897 inimi-

156 1958 183 2004 Ι5
206 1936 328 1999 ciorem
348 1936 511 1999 amicitiae
531 1936 679 2018 potuisse
699 1946 836 2019 reperiri
858 1958 957 2020 quam
983 1938 1061 2015 eius,
1085 1949 1141 2021 qui
1164 1940 1208 2001 dr·
1288 2006 1291 2020 τ

205 2041 308 2103 xisset
324 2040 369 2103 ita
385 2047 497 2103 amare
510 2049 674 2122 oportere,
688 2051 725 2104 ut
738 2052 766 2104 si
779 2041 957 2124 aliquando
969 2052 1058 2105 esset
1070 2050 1207 2119 osurus;

206 2164 268 2208 nec
288 2152 367 2207 vero
390 2152 427 2207 sse
450 2144 572 2208 adduci
594 2165 704 2226 posse,
724 2155 761 2208 ut
784 2146 856 2222 hoc,
882 2166 981 2228 quem
1005 2147 1047 2210 ad
1072 2147 1208 2209 modum

205 2255 388 2329 putaretur,
405 2255 424 2310 a
442 2248 560 2312 Biante
580 2250 706 2313 dictum
725 2269 799 2313 esse
820 2250 979 2325 crederet,
997 2260 1054 2332 qui
1074 2250 1208 2332 sapiens

206 2353 340 2417 habitus
364 2364 453 2417 esset
478 2362 565 2417 rinus
588 2362 607 2417 ἓ
630 2363 778 2436 septem:
810 2354 932 2435 impr‘rri
955 2354 1127 2418 cr'riusdam
1150 2364 1208 2418 aut

154 2510 273 2558 datarum
282 2510 321 2558 for
329 2509 372 2559 the
382 2512 549 2559 credits-1.
562 2511 693 2569 divitior,
720 2516 754 2558 est
774 2510 854 2572 might
873 2510 906 2558 be
928 2510 1038 2559 referred
1058 2518 1084 2559 to
1104 2516 1187 2570 amici,
1208 2511 1259 2561 and

154 2585 197 2634 the
209 2601 325 2634 common
338 2586 401 2635 form
415 2587 442 2635 in
453 2587 541 2636 Cicero
554 2587 591 2635 for
608 2587 693 2635 ratior.
719 2586 827 2634 because
840 2586 883 2634 the
895 2602 951 2635 eum
965 2602 992 2635 as
1005 2603 1038 2636 an
1052 2589 1202 2636 antecedent
1215 2588 1259 2635 be·

154 2676 217 2723 —4.
229 2663 354 2711 excidat
364 2699 370 2711 .
380 2699 387 2712 .
397 2699 403 2711 .
413 2663 529 2712 defluat
538 2700 544 2712 .
554 2700 560 2712 .
571 2674 693 2725 .conge·
720 2677 805 2710 comes
822 2661 1004 2725 distinguished
1023 2663 1087 2711 from
1105 2668 1185 2711 amica·
1199 2664 1258 2711 defi·

153 2740 246 2798 titur,
257 2739 347 2800 figures
359 2738 436 2788 taken
445 2739 508 2788 from
518 2740 561 2788 the
570 2745 693 2788 measure·
720 2738 797 2800 nitely
813 2754 840 2786 as
855 2739 924 2787 ‘that
942 2740 1007 2788 one.’
1042 2740 1079 2788 Cf.
1096 2740 1170 2802 Nig.‚
1189 2740 1202 2801 ξ
1215 2752 1256 2802 93,

154 2820 223 2863 ment
250 2815 279 2863 of
303 2816 388 2877 grain;
420 2816 526 2873 excidat,
552 2832 567 2864 a
592 2815 693 2879 general
719 2830 744 2877 p.
765 2822 820 2879 37'5.
833 2842 866 2851 -
880 2827 916 2864 10.
940 2816 1017 2864 eniti
1038 2820 1071 2866 et
1093 2816 1220 2874 efficere,
1244 2831 1259 2864 a

154 2891 305 2954 expression,
332 2891 449 2940 followed
474 2892 507 2954 by
532 2892 575 2941 the
600 2892 693 2956 special
719 2898 771 2939 sort
787 2891 815 2938 of
829 2891 1011 2954 hendiadys,to
1027 2894 1105 2940 striae
1121 2899 1144 2940 to
1161 2908 1257 2940 arouse.

154 2967 255 3031 defluat,
275 2967 334 3016 ‘fall
354 2973 380 3016 to
401 2968 444 3016 the
463 2970 577 3031 ground,'
595 2970 646 3017 and
663 2969 694 3016 its
719 2979 801 3015 -12.
824 2967 908 3028 alius,
935 2968 1149 3035 different-16.
1175 2970 1259 3017 esset

154 3043 277 3106 opposite,
295 3042 451 3106 congeratur.
498 3045 572 3093 Some
595 3044 694 3108 explain
720 3042 844 3092 fisurus:
864 3044 907 3092 the
919 3044 1014 3107 subject
1030 3046 1051 3093 is
1069 3045 1110 3092 the
1128 3044 1258 3092 indefinite

154 3120 255 3167 excidat
276 3121 325 3168 and
349 3125 501 3183 congeratur
522 3120 552 3168 of
571 3121 623 3183 dry,
643 3121 694 3169 and
720 3121 785 3183 quis,
811 3126 837 3167 to
863 3120 895 3168 be
920 3121 1035 3185 supplied
1062 3121 1125 3168 from
1150 3126 1258 3176 amare,-

154 3195 250 3259 defluat
259 3196 288 3243 of
297 3195 383 3259 liquid,
395 3212 515 3245 measure.
720 3196 778 3244 with
808 3212 841 3243 an
869 3196 997 3255 infinhive,
1026 3214 1106 3260 quem,
1132 3198 1212 3255 ‘one‚'
1239 3196 1259 3244 is

79 3322 82 3326 ,
204 3270 227 3320 6.
248 3271 356 3321 iaciat:
380 3272 412 3321 cf.
433 3273 476 3321 the
497 3273 694 3337 corresponding
720 3273 915 3322 omitted-18.
928 3274 1043 3331 Biante,
1053 3273 1082 3321 of
1092 3273 1189 3322 Priene.
1211 3272 1258 3321 See

154 3346 238 3396 clause
257 3348 284 3395 in
304 3348 372 3413 556,
391 3349 475 3397 where
496 3349 538 3397 the
559 3349 693 3397 indicative
720 3349 786 3397 Dict.
803 3350 875 3412 Biog.
910 3350 965 3398 The
982 3350 1069 3411 saying
1086 3350 1106 3397 is
1124 3349 1259 3398 attributed

152 3424 223 3490 facit
233 3424 292 3473 calls
309 3424 432 3474 attention
448 3432 474 3473 to
492 3425 535 3473 the
553 3425 694 3473 estimation
719 3424 752 3487 by
775 3425 869 3473 Gellius
895 3425 979 3488 (Nact.
1002 3427 1053 3475 Aa.
1077 3426 1097 3473 I.
1122 3438 1144 3487 3,
1167 3425 1209 3489 14)
1232 3432 1258 3474 to

154 3499 237 3548 which
264 3516 313 3548 one
339 3501 385 3549 has
411 3501 517 3563 actually
543 3500 639 3550 formed
668 3501 697 3549 of
720 3501 820 3559 Chilon,
831 3503 879 3549 hac
888 3504 951 3567 fini
964 3506 1032 3550 amts
1048 3510 1179 3564 tamquam
1190 3502 1259 3567 sorte

154 3576 262 3625 himself.
271 3590 332 3638 -9.
347 3589 425 3637 eum,
440 3579 500 3626 sucta
515 3595 551 3626 an
567 3595 620 3627 one.
648 3578 695 3625 Ille
720 3578 833 3641 sartand
844 3584 942 3636 marus,
956 3579 1004 3625 ha‘c
1018 3579 1105 3627 itidem
1119 3584 1191 3626 tenus
1205 3578 1259 3626 ade-

154 3653 176 3700 is
194 3643 300 3702 usedin
319 3654 362 3702 the
382 3660 441 3701 next
463 3654 553 3713 clause,
573 3654 694 3716 referring
720 3655 759 3702 ris
775 3662 905 3718 tamquam
919 3656 1027 3720 fhrtdsse
1041 3661 1098 3717 past
1112 3660 1255 3703 amatatrus.

154 3735 181 3778 to
202 3746 268 3789 eum,
289 3746 317 3779 as
335 3730 466 3779 otherwise
484 3731 527 3780 the
550 3730 646 3795 subject
669 3731 697 3779 of
719 3744 800 3793 -19.
812 3732 929 3792 impiari,
942 3732 1037 3789 sordid,
1048 3732 1103 3779 base
1119 3729 1229 3788 minded,
1244 3745 1259 3777 a
