2950 4159
221 306 261 371 72
697 305 847 361 unsaros

272 461 456 525 sententias
486 463 575 539 ferri,
604 470 745 545 quarum
776 462 901 525 millam
933 465 1057 546 probo:
1093 472 1203 541 tinam,
1236 476 1274 529 ut

271 567 389 629 eodem
414 567 514 630 modo
540 574 621 648 erga
646 577 790 631 amicum
817 567 942 631 adfecti
968 578 1070 631 simus
1097 578 1163 651 quo
1189 578 1271 651 erga

272 678 404 734 nosmet
427 670 527 752 ipsos,
552 672 700 747 alteram,
725 681 762 733 ut
786 681 900 734 nostra
924 672 959 735 in
983 681 1107 737 amicos
1131 675 1273 737 benevo-

271 775 373 838 lentia
389 775 518 838 illorum
535 782 615 856 erga
634 783 695 837 nos
714 775 967 840 benevolentiae
987 777 1111 858 pariter
1130 779 1288 859 aequali-x

235 899 248 947 s
271 888 388 961 terque
404 879 615 961 respondeat,
633 879 775 954 tertiam,
793 889 838 954 ut,
856 890 973 961 quanti
987 881 1127 964 quisque
1144 890 1179 945 se
1198 882 1272 964 ipse

272 983 362 1057 iacit,
379 992 464 1045 tanti
480 984 541 1045 fiat
557 983 599 1045 ab
616 993 738 1045 amicis.
783 984 900 1045 hairum
916 984 1016 1047 trium
1031 986 1271 1049 sententiarum
1290 997 1322 1047 ot

272 1086 354 1149 milli
371 1094 506 1168 prorsus
522 1087 708 1150 adsentior:
733 1107 795 1150 nec
812 1086 900 1150 enirn
918 1088 972 1150 illa
989 1098 1095 1170 prima
1110 1097 1189 1152 vera
1210 1100 1270 1166 est,

272 1200 435 1273 ut,·quem
451 1191 493 1254 ad
509 1191 646 1254 modum
662 1190 695 1252 in
715 1199 751 1253 se
770 1191 919 1273 quisque,
940 1202 986 1255 sic
1009 1192 1042 1254 in
1064 1203 1207 1257 amicum
1229 1194 1272 1257 sit

271 1295 455 1371 animatus3
480 1316 581 1377 quam
597 1295 700 1357 multa
716 1295 815 1370 enim,
832 1316 917 1377 quae
934 1304 1047 1359 nostra
1063 1305 1164 1361 causi
1181 1318 1272 1360 num-

222 1420 370 1481 mquam
394 1400 590 1475 faceremus,
614 1398 756 1461 facimus
784 1396 920 1485 [causa]
947 1403 1145 1465 amicorum!
1200 1423 1272 1485 pre-

271 1511 340 1567 cari
355 1504 397 1566 ab
418 1503 564 1584 indigno,
585 1504 783 1584 supplicare,
804 1512 875 1565 tum
895 1504 1046 1567 acerbius
1070 1506 1103 1568 in
1127 1505 1272 1588 aliquem

270 1607 383 1670 invehi
394 1614 615 1688 insectarique
628 1607 867 1682 vehementius,
882 1628 967 1689 quae
983 1608 1016 1670 in
1033 1618 1154 1672 nostris
1170 1611 1271 1674 rebus

271 1711 442 1774 nonsatis
466 1711 673 1787 honestem
698 1719 879 1773 amicorum
904 1712 993 1775 fiunt
1018 1713 1269 1792 honestissime;

271 1816 461 1897 multaeque
478 1822 530 1877 res
547 1824 633 1889 sunt,
653 1814 688 1877 in
709 1815 830 1897 quibus
854 1816 895 1878 de
919 1825 986 1879 suis
1009 1817 1191 1881 commodis
1210 1818 1272 1881 viri

221 1920 349 1987 15boni
378 1919 482 1981 multa
513 1918 692 1981 detrahunt
723 1919 920 2002 detrahique
952 1920 1131 2002 patiuntur,
1164 1932 1200 1984 ut
1231 1922 1270 1985 iis

270 2032 367 2086 amici
393 2022 504 2104 potius
531 2043 630 2104 quam
658 2023 722 2103 ipsi
752 2024 914 2086 fruantur.
971 2024 1074 2088 altera
1105 2026 1270 2089 sententia
1286 2037 1324 2089 58

269 2138 329 2203 est,
346 2148 433 2209 quae
454 2127 572 2189 definit
594 2126 770 2190 amicitiam
797 2128 932 2209 paribus
958 2128 1073 2192 officiis
1099 2138 1137 2193 ac
1158 2130 1270 2193 volun-

268 2232 401 2295 tatibus.
448 2231 511 2294 hoc
533 2231 666 2313 quidem
689 2241 740 2293 est
762 2232 859 2294 nimis
881 2232 999 2314 exigue
1022 2243 1055 2296 et
1078 2234 1204 2297 exiliter
1227 2235 1270 2297 ad

268 2336 413 2400 calculos
428 2342 547 2399 vocare
563 2334 751 2411 amicitiam,
769 2345 805 2398 ut
821 2342 882 2418 par
898 2336 940 2400 sit
956 2337 1040 2401 ratio
1056 2346 1269 2422 acceptorum

214 2499 301 2542 stones
318 2498 356 2541 set
373 2499 399 2541 to
419 2492 491 2540 mark
511 2491 555 2540 the
575 2507 675 2540 comers
694 2490 724 2539 of
741 2507 756 2539 a
782 2490 854 2554 cially
869 2492 898 2540 of
909 2492 951 2542 the
966 2494 1064 2541 Roman
1076 2510 1180 2543 canvass
1191 2495 1229 2543 for
1241 2494 1321 2555 office,

215 2569 282 2619 field.
315 2569 353 2618 Cf.
372 2570 386 2630 ᾗ
405 2569 490 2631 36.-
504 2581 523 2615 1.
547 2568 646 2626 finam,
666 2568 705 2616 ie.
729 2568 759 2615 os
781 2569 1088 2633 anabitiaei,supplyalicul.
1119 2571 1174 2619 The
1186 2571 1323 2620 infinitives

216 2646 344 2710 Epicurus.
389 2644 428 2693 Cf.
449 2644 500 2693 Cic.
522 2645 561 2692 De
579 2645 638 2692 sin.
662 2656 684 2691 1.
703 2643 752 2692 68:
781 2645 1318 2708 areappositivesosmund—14.·que,

214 2723 295 2770 eodem
308 2721 380 2769 modo
388 2722 489 2783 sapiins
504 2721 555 2768 eril
568 2719 678 2784 adfectus
694 2725 755 2783 ergd
780 2720 838 2768 and
844 2736 886 2776 so:
904 2728 949 2769 not
962 2721 999 2769 for
1011 2723 1107 2770 multae
1119 2722 1187 2770 aliae
1199 2726 1238 2770 ris
1251 2730 1320 2781 sunt,

213 2803 334 2861 amicum,
345 2802 396 2860 qud
406 2799 435 2845 in
446 2800 471 2844 si
483 2797 614 2858 ipsum.—
623 2796 646 2844 6.
664 2796 752 2845 lacit:
781 2803 836 2854 etc.,
851 2796 895 2845 but
913 2796 962 2845 this
980 2798 1062 2846 clause
1076 2805 1174 2861 repeats
1187 2800 1237 2848 and
1251 2800 1321 2861 gives

213 2890 242 2923 so
255 2874 349 2922 editors
360 2871 494 2935 generally,
509 2871 569 2919 with
581 2871 653 2930 Mss.;
670 2872 698 2920 B.
709 2872 754 2919 has
781 2888 849 2920 more
872 2873 967 2935 exactly
990 2875 1033 2922 the
1058 2874 1160 2936 general
1186 2882 1320 2923 statement

213 2951 308 3017 saciat.
772 2948 914 2997 ‘contained
934 2950 960 2997 in
979 2951 1021 2998 the
1038 2951 1120 2999 words
1140 2967 1217 3014 quam
1239 2952 1319 3000 ntraelta

265 3039 287 3090 7.
303 3024 437 3087 prdrsus,
446 3030 473 3071 to
482 3023 514 3071 be
523 3022 600 3071 taken
609 3022 668 3070 with
679 3023 753 3082 nalo,
781 3030 986 3073 ...amr‘ccirunn
1016 3025 1075 3089 (R.)
1104 3026 1320 3089 Cicero'sbiogra-

214 3110 259 3151 not
274 3102 334 3150 with
353 3101 497 3154 adsentior:
519 3104 560 3147 ‘to
577 3114 644 3146 none
662 3105 687 3147 at
704 3098 753 3146 all.'
780 3100 830 3163 phy
841 3101 922 3149 shows
935 3117 1008 3165 many
1020 3102 1145 3151 instances
1157 3103 1186 3151 of
1195 3104 1237 3151 the
1250 3119 1320 3167 prac-

216 3177 360 3243 (R.)-1o.
380 3175 501 3239 [causa]
513 3174 693 3224 amicorum:
710 3175 754 3223 the
780 3176 828 3224 tice
838 3176 866 3224 of
876 3177 945 3225 these
958 3178 1039 3226 views.

213 3255 346 3319 repetition
360 3253 389 3301 oi
397 3258 483 3310 causd,
495 3251 577 3299 which
591 3251 613 3298 is
627 3257 671 3299 not
683 3251 754 3299 usual
832 3265 869 3316 17.
886 3264 963 3314 quae
981 3253 1096 3311 definit,
1108 3254 1188 3303 which
1202 3256 1320 3304 restricts.

107 3358 112 3369 ·
212 3332 239 3380 in
251 3348 266 3379 a
277 3331 371 3379 second
388 3329 507 3386 member,
519 3328 569 3376 and
587 3326 618 3374 its
635 3327 753 3390 position,
779 3355 812 3363 —
822 3327 858 3376 18.
870 3328 958 3377 nimis
969 3365 974 3378 .
985 3366 990 3378 .
1001 3366 1006 3378 .
1016 3330 1189 3389 amicitiam,
1198 3338 1222 3379 lo
1231 3331 1320 3380 reclon

213 3407 295 3456 which
318 3407 340 3455 is
361 3404 484 3468 regularly
506 3404 570 3452 after
593 3403 624 3451 its
646 3403 754 3465 limiting
780 3410 816 3451 loo
827 3405 911 3467 closely
922 3406 979 3453 and
987 3407 1088 3469 meanly
1096 3407 1156 3454 with
1162 3408 1319 3473 friendsln'p.

212 3484 330 3547 genitive,
342 3497 385 3530 are
402 3481 530 3529 doubtless
547 3481 596 3528 due
610 3486 635 3527 to
651 3481 694 3528 the
710 3481 752 3527 de·
784 3480 885 3527 Calculi
891 3496 954 3529 were
964 3481 1026 3529 little
1037 3482 1141 3545 pebbles
1149 3485 1210 3531 used
1218 3484 1250 3545 by
1258 3484 1320 3546 boys

212 3561 261 3609 sire
271 3560 309 3608 ior
317 3574 333 3607 a
342 3557 446 3606 lorcible
455 3557 589 3605 chiasmus.
598 3556 755 3616 -precdri
780 3556 805 3603 in
823 3555 937 3618 learning
953 3557 1102 3605 arithmetic.
1112 3585 1145 3593 -
1155 3571 1192 3619 19.
1210 3561 1265 3620 pir
1279 3560 1322 3609 sii:

212 3637 263 3685 and
274 3632 397 3695 indigno
409 3647 451 3680 are
463 3633 525 3680 both
535 3633 595 3681 used
608 3630 753 3693 absolutely.
779 3630 866 3688 ratiti,
886 3632 941 3680 thal
958 3634 1025 3681 llere
1045 3649 1104 3695 ruay
1122 3634 1148 3682 be
1168 3618 1192 3681 α’
1205 3636 1318 3684 balance.

213 3712 283 3762 With
301 3710 452 3773 supplicare,
466 3707 547 3756 which
566 3708 587 3755 is
605 3708 666 3755 used
683 3722 754 3771 espe-
780 3707 957 3769 Expensorum
982 3708 1001 3755 is
1025 3724 1094 3757 more
1117 3725 1235 3759 common
1258 3712 1320 3761 than
