2950 4159
222 298 267 361 44
700 287 852 338 carmos

274 458 335 525 est,
352 448 442 531 quod
466 468 506 510 ex
528 447 662 510 infinita
680 446 839 509 societate
860 444 992 527 generis
1014 446 1159 523 humani,
1177 468 1277 529 quam

275 551 463 615 conciliavit
478 551 551 632 ipsa
563 557 691 626 natfira,
705 550 750 613 ita
766 556 935 613 contracta
951 558 1004 613 res
1020 561 1071 614 est
1086 561 1119 614 et
1135 551 1279 615 adducta

238 729 241 734 ¹
274 656 308 719 in
325 666 515 737 angustum,
533 665 570 718 ut
585 655 694 718 omnis
709 654 829 717 caritas
846 665 903 718 aut
918 654 1004 718 inter
1020 655 1104 719 duos
1120 665 1178 719 aut
1193 655 1279 719 inter

275 767 400 843 paucos
416 760 617 841 iungeretur.

240 885 254 932 5
318 866 378 928 VI.
420 865 482 927 Est
511 864 600 927 enim
631 864 775 927 amicitia
805 863 887 926 nihil
917 864 1006 927 aliud
1037 864 1100 926 nisi
1130 864 1278 927 omnium

276 968 462 1031 divinarum
486 969 773 1050 humanarumque
804 975 913 1030 rerum
944 988 1020 1030 cum
1047 968 1278 1032 benevolentia

276 1082 310 1135 et
332 1072 468 1135 caritate
491 1072 685 1135 consensio:
709 1079 775 1153 qua
799 1072 933 1154 quidem
957 1071 1046 1134 haud
1070 1054 1138 1135 scio
1161 1092 1204 1134 an
1228 1092 1279 1134 ex-

276 1184 374 1258 cepta
397 1175 561 1258 sapientia
584 1175 666 1238 nihil
690 1176 807 1238 melius
831 1176 957 1238 homini
980 1175 1022 1237 sit
1042 1180 1063 1236 a
1081 1173 1131 1236 dis
1150 1174 1280 1237 immor·

275 1280 396 1343 talibus
420 1280 543 1342 datum.
599 1279 730 1342 divitias
753 1280 809 1342 alii
834 1288 1054 1361 praeponunt,
1078 1280 1199 1343 bonam
1224 1280 1279 1342 alii

227 1408 254 1439 10
275 1384 510 1459 valetodinem,
528 1383 584 1446 alir
604 1384 797 1465 potentiam,
819 1384 875 1446 alii
893 1385 1044 1459 honores,
1062 1385 1158 1446 multi
1178 1384 1278 1446 etiam

275 1489 480 1570 voluptates:
524 1488 696 1551 beluarum
730 1489 793 1551 hoc
830 1488 964 1570 quidem
999 1495 1191 1563 extremum,
1223 1488 1278 1550 illa

276 1602 388 1655 autem
414 1592 586 1674 superiora
612 1593 738 1656 cadfica
763 1601 797 1655 et
822 1592 956 1668 incerta,
983 1591 1092 1673 posita
1118 1600 1184 1654 non
1209 1602 1277 1655 tam

276 1698 309 1759 in
331 1697 476 1760 consiliis
498 1706 618 1760 nostris
640 1717 740 1778 quam
761 1696 795 1758 in
817 1696 973 1759 {ortonae
994 1697 1197 1774 temeritate3
1223 1706 1279 1778 qui

276 1812 388 1865 autem
412 1801 445 1864 in
468 1802 590 1864 virtfite
613 1821 779 1863 summum
802 1800 926 1862 bonum
951 1808 1089 1881 ponunt,
1110 1801 1278 1882 praeclare

227 1924 253 1971 15
276 1906 323 1968 illr
343 1905 487 1988 quidem,
505 1906 563 1969 sed
586 1907 668 1968 haec
690 1904 764 1986 ipsa
782 1904 885 1966 virttis
909 1904 1087 1967 amicitiam
1111 1914 1145 1967 et
1171 1904 1278 1986 gignit

276 2020 309 2073 et
330 2009 487 2085 continet,
510 2029 571 2072 nec
593 2009 664 2072 sine
684 2008 807 2071 virttite
829 2008 972 2072 amicitia
994 2028 1069 2071 esse
1091 2009 1157 2070 fillo
1180 2017 1278 2090 pacto

276 2123 397 2196 potest.
451 2113 517 2174 iam
539 2112 696 2175 virtfitem
719 2132 760 2174 ex
783 2111 1023 2175 consuetodine
1046 2122 1134 2174 vitae
1158 2120 1277 2174 sermo·
1294 2126 1329 2175 21
1367 2112 1369 2116 ’

275 2217 393 2299 nisque
409 2226 514 2279 nostri
529 2216 786 2297 interpretemur
801 2236 862 2279 nec
879 2236 961 2292 eam,
976 2226 1012 2278 ut
1028 2215 1162 2298 quidam
1178 2214 1275 2292 docti,

275 2321 451 2383 verborum
490 2319 735 2401 magnificentia
773 2320 948 2383 matiamur
982 2320 1136 2402 virosque
1172 2319 1277 2382 bonos

278 2562 298 2597 1.
317 2550 646 2611 quod...lm016tur,
664 2549 703 2598 i.e.
720 2555 764 2598 out
790 2549 908 2607 emotion,
935 2550 985 2598 and
1011 2549 1037 2597 in
1063 2566 1132 2599 some
1158 2550 1275 2599 relations
1301 2546 1329 2597 ol

226 2625 255 2673 os
272 2626 315 2674 the
334 2626 468 2674 undefined
489 2627 567 2673 union
587 2626 616 2673 os
633 2626 763 2683 mankind,
789 2625 870 2689 place,
882 2641 929 2688 eg.
942 2627 1232 2690 accompaniment.—7.
1245 2626 1329 2675 haud

225 2702 306 2749 which
327 2708 415 2750 nature
436 2702 481 2749 has
501 2702 606 2760 formed,
625 2702 763 2765 friendship
789 2702 856 2751 3016
868 2715 907 2751 an
917 2705 1068 2768 :sarrana
1085 2703 1174 2761 hence,
1186 2703 1208 2751 if
1217 2704 1258 2750 the
1270 2718 1328 2750 sen-

226 2779 308 2825 unites
319 2783 376 2835 two,
389 2793 417 2824 or
429 2784 454 2826 at
466 2784 532 2825 most
546 2778 591 2825 but
608 2778 663 2836 sew,
678 2778 704 2825 in
719 2778 763 2825 the
789 2786 862 2827 tence
874 2779 895 2826 is
907 2778 1030 2840 negative,
1041 2783 1100 2836 non,
1111 2779 1186 2836 nihil,
1198 2795 1226 2826 or
1238 2780 1329 2827 millus

225 2853 316 2901 closest
328 2853 410 2901 bonds
421 2853 450 2900 os
459 2853 584 2902 affection.
789 2854 809 2902 is
822 2861 847 2903 to
859 2855 891 2903 be
902 2854 1025 2918 supplied.
1058 2854 1081 2902 It
1094 2854 1114 2902 is
1126 2856 1186 2903 used
1200 2855 1225 2902 in
1238 2854 1328 2903 Cicero

276 2940 298 2991 5.
318 2931 368 2977 est
380 2965 385 2976 .
399 2964 405 2976 .
418 2964 424 2976 .
436 2928 612 2977 οόηεέηείὂε
635 2929 678 2977 the
696 2945 762 2978 com·
789 2930 816 2978 ol
831 2931 897 2979 what
917 2930 938 2979 is
957 2929 1085 2994 probable,
1106 2930 1132 2978 in
1153 2931 1215 2979 later
1234 2931 1329 2979 writers

225 3004 374 3067 prehensive
386 3011 473 3052 nature
485 3006 535 3052 and
549 3012 635 3068 strong
646 3005 762 3053 affection
789 3006 841 3055 also
853 3006 882 3055 os
890 3007 957 3055 what
972 3006 992 3053 is
1007 3012 1052 3054 not
1066 3006 1194 3069 probable.
1226 3005 1329 3069 (R.)—

225 3079 254 3127 os
277 3079 416 3143 sriendship
441 3081 588 3143 necessarily
611 3081 705 3129 restrict
731 3082 763 3129 its
791 3094 827 3130 11.
846 3084 1023 3139 extremum,
1035 3081 1165 3145 adjective,
1177 3083 1225 3130 this
1241 3083 1291 3130 last
1304 3083 1328 3129 is

224 3170 309 3217 range.
322 3155 390 3203 -6.
420 3155 591 3204 divinarum
621 3156 762 3205 humini-
788 3158 891 3214 bestial,·
909 3166 995 3207 scest.
1025 3158 1100 3207 Some
1113 3158 1172 3206 take
1185 3162 1327 3206 extrimum

223 3244 350 3293 rumque
368 3232 481 3279 rerum:
512 3248 545 3279 an
568 3233 701 3294 every-day
722 3249 762 3280 ex·
789 3238 1002 3282 as=extre⁷mum
1015 3234 1202 3298 bonum-15.
1217 3234 1269 3290 illi,
1282 3234 1328 3283 i.e.
1396 3278 1399 3281 .

224 3307 373 3370 pressionof
380 3308 545 3369 universality,
554 3307 605 3355 like
614 3308 762 3370 our‘things
788 3310 831 3358 the
853 3310 1009 3367 Academics,
1032 3311 1117 3358 whose
1139 3311 1214 3357 views
1236 3309 1329 3358 Cicero

223 3383 250 3430 in
267 3383 363 3431 heaven
382 3384 431 3431 and
450 3383 656 3432 earth.'—0um
673 3384 762 3433 bene·
788 3387 898 3450 adopted
915 3386 941 3434 in
959 3387 1001 3434 the
1019 3387 1099 3445 main;
1121 3402 1155 3434 sc.
1167 3387 1281 3451 fhciunt.
1292 3413 1330 3422 -

222 3458 358 3507 volentia
374 3462 407 3509 et
424 3459 568 3508 ciritite:
590 3475 622 3507 an
640 3459 761 3522 adjective
790 3461 827 3510 16.
845 3474 922 3519 esse,
934 3464 1014 3517 exist,·
1032 3462 1064 3511 cl.
1078 3464 1156 3525 5100.

223 3535 374 3598 expression,
399 3534 490 3597 kindly
515 3536 572 3583 and
594 3539 757 3602 affectionate.
840 3550 876 3598 19.
893 3539 1050 3600 virosque:
1076 3554 1122 3601 que
1140 3543 1258 3585 connects
1277 3555 1330 3587 nu·

223 3610 405 3675 Prepositional
423 3611 525 3674 phrases
542 3628 583 3660 are
598 3612 686 3674 joined
700 3614 760 3661 with
788 3618 912 3662 meremus
929 3616 979 3662 and
1000 3616 1205 3677 interpretamur,
1223 3614 1331 3679 passing

222 3702 305 3736 nouns
327 3688 450 3749 denoting
473 3688 565 3746 action,
588 3688 689 3751 feeling,
711 3691 761 3737 and
787 3706 846 3738 over
856 3707 914 3739 nec.
926 3728 930 3737 .
942 3729 947 3739 .
958 3691 1105 3749 mittamur,
1114 3690 1196 3737 which
1208 3690 1229 3737 is
1241 3691 1330 3753 equiv-
