2950 4159
566 278 729 330 tuamen
752 278 847 329 xxvr.
1215 286 1259 354 99

207 439 329 503 virtute
349 439 438 504 enim
459 439 532 522 ipsa
553 447 620 502 non
642 447 710 502 tam
732 439 828 501 multi
848 438 989 520 praediti
1009 459 1084 502 esse
1107 461 1208 522 quarn

207 545 311 607 videri
329 545 464 607 volunt:
492 545 553 606 hos
577 543 720 607 delectat
742 543 938 618 adsentatio,
956 544 1019 609 his
1045 545 1141 608 fictus
1165 544 1208 607 ad

208 649 355 730 ipsorum
371 649 576 712 voluntatem
596 655 705 710 sermo
724 668 799 710 cum
821 647 1005 724 adhibetur,
1025 647 1208 711 orationem

208 753 297 816 illam
309 761 430 816 vanam
443 751 668 816 testimonium
686 771 760 814 esse
776 752 911 814 laudum
928 759 1061 840 suarum
1078 761 1205 834 putant.

171 877 184 923 5
208 857 298 919 nulla
314 867 364 920 est
380 857 480 938 igitur
496 857 578 920 haec
598 855 750 931 amicitia,
767 875 842 919 cum
863 856 945 918 alter
960 863 1074 918 verum
1094 856 1208 920 audire

207 969 274 1023 non
285 962 364 1037 vult,
383 961 466 1023 alter
480 961 523 1023 ad
540 959 769 1023 mentiendum
787 967 921 1040 paratus
938 969 996 1022 est.
1037 980 1099 1023 nec
1116 981 1209 1042 para-

209 1073 345 1127 sitorum
368 1064 402 1127 in
424 1064 601 1127 comoediis
625 1063 813 1126 adsentatio
835 1064 946 1126 faceta
969 1064 1065 1127 nobis
1085 1063 1208 1127 videre-

208 1178 270 1245 tur,
288 1168 351 1231 nisi
366 1178 479 1232 essent
495 1169 614 1231 milites
631 1167 774 1249 gloriosi.

346 1323 485 1397 magnas
501 1324 580 1378 vero
595 1336 695 1396 agere
711 1315 835 1397 gratias
851 1315 954 1378 Thais
971 1315 1073 1378 mihi?

159 1487 186 1519 10
209 1463 288 1527 satis
309 1473 381 1526 erat
401 1463 603 1544 respondere
627 1469 644 1494 “
656 1464 842 1545 magnas'’:
868 1462 1042 1543 “ingentis
1054 1465 1071 1488 '’
1091 1464 1205 1546 inquit.

210 1589 342 1650 semper
360 1577 462 1649 auget
481 1568 672 1630 adsentator
690 1566 732 1643 id,
754 1567 843 1650 quod
864 1567 901 1641 is,
921 1567 1014 1630 cuius
1036 1568 1078 1630 ad
1095 1569 1208 1632 volun-

209 1680 311 1735 tatem
340 1672 466 1748 dicitur,
491 1673 563 1734 vult
594 1675 667 1735 es'se
696 1679 863 1752 magnum.
923 1691 1022 1761 quam
1054 1672 1096 1734 ob
1126 1693 1206 1749 rem,
1223 1682 1259 1733 99

209 1797 411 1859 quamquam
436 1776 559 1839 blanda
586 1775 649 1838 ista
673 1776 803 1838 vanitas
830 1776 920 1856 apud
947 1785 1004 1839 eos
1028 1777 1125 1851 valet,
1152 1787 1208 1859 qui

209 1880 273 1961 ipsi
288 1880 377 1943 illam
394 1880 562 1943 adlectant
579 1889 612 1942 et
628 1879 778 1955 invitant,
796 1889 907 1942 tamen
923 1880 1022 1943 etiam
1039 1882 1207 1961 graviores

160 2005 186 2051 15
209 1984 516 2067 constantioresque
544 1984 745 2046 admonendi
768 1993 853 2059 sunt,
878 1993 916 2046 ut
942 1985 1208 2049 animadvertant

210 2096 251 2150 ne
267 2089 386 2151 callida
406 2088 635 2150 adsentatione
657 2088 839 2168 capiantur.
887 2097 1001 2169 aperte
1021 2089 1110 2151 enim
1132 2091 1209 2152 adu-

209 2193 334 2255 lantem
351 2201 449 2255 nemo
464 2200 531 2253 non
547 2191 645 2266 videt,
663 2192 727 2254 nisi
743 2202 799 2273 qui
814 2192 992 2255 admodum
1009 2203 1060 2255 est
1076 2213 1207 2256 excors:

210 2297 348 2360 callidus
364 2296 418 2358 ille
434 2306 467 2358 et
483 2295 631 2358 occultus
647 2303 690 2357 ne
707 2303 742 2357 se
760 2296 906 2358 insinuet
924 2296 1072 2359 studiose
1092 2317 1209 2360 caven-

209 2401 289 2463 dum
308 2411 367 2463 est.
414 2419 476 2462 nec
498 2399 585 2462 enim
607 2399 763 2462 facillime
783 2401 984 2480 agnoscitur,
1008 2411 1131 2482 quippe
1153 2411 1210 2483 qui

158 2529 186 2558 20
209 2505 308 2568 etiam
340 2503 548 2589 adversando
580 2523 680 2584 saepe
715 2504 908 2566 adsentetur
941 2514 974 2567 et
1009 2505 1138 2586 litigare
1173 2513 1209 2567 se

69 2723 71 2729 ·
158 2713 277 2776 meaning
293 2713 319 2760 in
336 2713 469 2775 §37.-2.
486 2711 591 2770 videri,
603 2727 637 2760 sc.
649 2727 695 2759 esse
720 2713 753 2775 hy
776 2713 885 2771 Gnatho,
908 2729 924 2762 a
945 2714 1061 2777 parasite,
1084 2716 1135 2764 aud
1160 2715 1185 2762 in
1212 2715 1262 2763 this

155 2791 277 2853 praediti.
313 2789 350 2836 Cf.
364 2788 464 2847 Sallust,
483 2789 535 2836 cat.
549 2800 588 2852 54,
601 2800 629 2852 5:
649 2804 696 2836 esse
721 2790 780 2846 line,
798 2791 840 2837 the
855 2791 905 2838 first
923 2789 952 2838 of
967 2806 1000 2838 an
1019 2797 1066 2849 act,
1081 2791 1113 2838 he
1131 2791 1189 2839 aslis
1201 2791 1260 2839 with

159 2882 236 2928 quam
251 2865 341 2912 vidiri
356 2865 432 2912 bonus
450 2864 633 2912 rualem-8.
651 2877 696 2913 es·
722 2866 788 2913 what
811 2866 939 2929 reception
961 2866 979 2914 it
1000 2873 1058 2914 met.
1097 2867 1153 2914 The
1172 2867 1223 2914 line
1240 2867 1262 2914 is

158 2945 240 2990 sent:
266 2942 309 2989 the
329 2939 424 3002 subject
444 2941 463 2988 is
484 2941 512 2999 it',
535 2941 696 2997 understood,
722 2941 816 3004 plainly
839 2957 853 2990 a
878 2949 934 3004 part
957 2942 985 2990 of
1008 2943 1051 2990 the
1076 2944 1258 3002 conversation,

158 3017 279 3078 referring
297 3024 322 3064 to
341 3017 413 3064 those
431 3023 457 3063 to
475 3017 558 3063 whom
576 3017 696 3079 parasites
722 3019 772 3065 and
786 3018 828 3065 the
843 3018 963 3066 infinitive
976 3019 1106 3066 continues
1118 3020 1262 3080 something

158 3094 242 3141 attach
263 3092 420 3141 themselves.
468 3092 542 3140 Wles
569 3093 697 3140 Gloriosus
722 3093 805 3141 which
831 3093 851 3140 is
876 3094 989 3142 omitted.
1004 3120 1036 3129 -
1051 3107 1087 3141 10.
1119 3095 1259 3156 ingentis,

158 3167 208 3217 was
226 3169 268 3216 the
288 3169 340 3217 title
359 3168 388 3216 of
403 3184 417 3217 a
435 3167 492 3231 play
505 3167 533 3214 of
550 3167 657 3225 Plautus,
670 3174 695 3215 to
722 3169 943 3218 boundless.-11.
960 3174 1066 3231 auget:
1089 3171 1120 3218 cf.
1144 3170 1258 3234 Juvenal,

157 3245 239 3292 which
252 3244 380 3292 reference
392 3260 448 3305 may
460 3244 491 3291 be
504 3244 584 3299 made,
598 3244 641 3290 but
653 3233 699 3290 the¹
723 3246 773 3294 Ill.
793 3258 917 3306 roo-103:

158 3313 289 3385 quotation
302 3321 322 3369 is
335 3321 397 3368 from
408 3321 529 3375 Terence,
545 3319 695 3376 Eunuchus,
848 3346 862 3366 a
871 3343 943 3393 RQ,
953 3343 1031 3384 mig„
1039 3342 1142 3384 cachinnf,

158 3409 214 3460 391.
247 3397 302 3444 The
315 3412 384 3444 verse
396 3396 416 3444 is
428 3394 518 3443 iambic
531 3395 655 3442 trimeter:
722 3403 859 3449 ementitur:
873 3403 916 3454 flet,
926 3409 944 3444 si
953 3404 1050 3445 lacrimas
1060 3403 1170 3454 conspexit
1179 3409 1249 3454 amici,
1272 3453 1276 3461 ,

723 3464 840 3508 Necdolet;
848 3463 1262 3515 igniculumbnimaesitemporeposois,

159 3498 234 3561 >Ll
243 3503 271 3555 >
280 3524 305 3554 V
316 3524 341 3554 t!
350 3497 354 3560 l
364 3523 389 3553 t)
395 3501 428 3553 L
437 3496 441 3559 l
455 3523 479 3553 V
487 3544 518 3552 -
528 3494 532 3558 l
544 3500 572 3552 >
581 3499 608 3550 L
617 3494 621 3558 l
634 3521 658 3551 V
666 3543 695 3550 -
723 3524 958 3575 Accipitendromiden;
967 3524 1263 3574 sidirrerit‘Aestuo,'sr'rdat.”

156 3627 220 3676 -9.
239 3626 341 3676 agere:
360 3613 464 3669 Thraso,
482 3627 497 3660 a
514 3611 631 3674 braggart
648 3609 696 3658 sol·
776 3609 812 3657 16.
830 3612 935 3668 aperte
955 3646 960 3658 .
980 3646 986 3657 .
1006 3647 1012 3658 .
1028 3611 1121 3668 videt,
1133 3626 1207 3673 every
1218 3626 1263 3658 one

157 3692 220 3749 dier,
233 3690 281 3738 had
294 3695 488 3751 sentapresent
500 3695 525 3736 to
538 3688 576 3736 his
588 3687 697 3734 mistress
723 3684 805 3732 deteris
816 3691 877 3747 open
883 3686 997 3748 flattery.
1031 3686 1262 3735 Observethatthe

913 3804 1235 3934 703457t
