2950 4159
599 306 763 355 cnarrnn
784 307 830 355 vr.
847 272 850 276 ’
1225 310 1267 377 45

215 471 281 539 eos,
321 472 378 545 qui
415 462 588 539 habentur,
628 471 852 540 numeremus,
893 464 1022 541 Paulos
1062 465 1216 541 Catones,

215 568 335 643 Galim,
359 567 542 648 Scipiones
576 568 708 631 Philos:
748 569 799 631 his
830 569 1015 632 communis
1044 578 1113 632 vita
1143 590 1218 633 con·

214 680 307 734 tenta
323 681 382 747 est,
400 679 457 735 eos
474 681 585 735 autem
605 672 805 749 omittamus,
823 683 881 754 qui
899 682 1033 736 omnino
1052 681 1217 756 nusquam

181 854 192 867 „
214 775 434 857 reperiuntur.
481 776 556 839 talis
583 776 684 858 igitur
710 776 797 840 inter
820 776 908 840 viros
936 778 1080 841 amicitia
1105 785 1217 842 tantas
1232 786 1268 839 22

178 901 191 948 s
214 879 481 1045 oppoffissitates
498 881 608 957 habet,
626 888 769 963 quantas
788 881 843 944 vix
861 890 947 964 queo
966 882 1085 945 dicere.
1132 893 1218 965 prin-

215 983 301 1064 cipio
327 1004 348 1065 q
372 994 384 1044 ῑ
409 993 521 1065 potest
549 1004 622 1047 esse
650 990 747 1048 “vita
773 986 913 1062 vitalis,''
942 996 979 1049 ut
1005 986 1050 1049 ait
1078 986 1216 1064 Ennius,

214 1108 300 1169 quae
324 1096 391 1150 non
415 1087 448 1149 in
472 1098 570 1151 amici
593 1096 708 1151 mutua
731 1089 964 1153 benevolentia
991 1090 1217 1173 conquiescit?

214 1191 294 1273 quid
317 1192 446 1255 dulcius
470 1213 570 1274 quarn
594 1193 716 1257 habere
737 1204 871 1275 quicum
893 1194 1004 1257 omnia
1025 1195 1149 1258 audeas
1170 1206 1217 1259 sic

214 1296 305 1377 loqui
320 1306 356 1359 ut
371 1298 504 1360 tecum?
529 1264 590 1379 dui
606 1306 695 1361 esset
715 1306 829 1361 tantus
850 1299 980 1389 fructus
996 1298 1029 1361 in
1049 1307 1218 1381 prosperis

165 1423 193 1455 10
214 1400 321 1475 rebus
336 1400 399 1464 nisi
415 1401 554 1464 haberes
571 1411 628 1484 qui
643 1399 706 1464 illrs
723 1409 828 1484 aeque
839 1398 881 1465 'ac
894 1409 930 1465 tu
947 1402 1019 1483 ipse
1034 1403 1217 1484 gauderet?

214 1504 370 1568 adversas
397 1513 476 1568 vero
503 1506 591 1568 ferre
619 1505 750 1569 difficile
778 1516 867 1569 esset
894 1507 965 1570 sine
992 1514 1033 1569 eo
1059 1517 1116 1589 qui
1145 1508 1218 1571 illas

213 1609 347 1690 gravius
370 1609 469 1672 etiarn
494 1630 593 1692 quarn
616 1618 651 1672 tu
675 1611 787 1673 ferret.
835 1610 978 1693 denique
1001 1618 1131 1675 criterae
1154 1620 1216 1688 res,

214 1733 299 1796 quae
316 1723 524 1796 expetuntur,
543 1722 752 1796 opportunae
769 1725 847 1778 sunt
863 1715 1014 1797 singulae
1031 1716 1129 1779 rebus
1146 1717 1218 1780 fere

214 1818 364 1899 singulis
389 1818 522 1881 divitiae
549 1829 585 1882 ut
613 1826 715 1895 utare,
742 1827 832 1901 opes,
857 1830 894 1883 ut
920 1820 1038 1896 colare,
1064 1821 1216 1897 honores

165 1941 190 1986 15
213 1932 250 1984 ut
265 1922 409 1998 laudere,
426 1923 625 2003 voluptates,
643 1932 679 1985 ut
694 1924 852 2005 gaudeas
869 1924 1034 2000 valetudo,
1052 1935 1089 1988 ut
1104 1925 1217 1989 dolore

214 2033 328 2088 careas
351 2036 385 2089 et
408 2027 600 2089 muneribus
627 2028 772 2109 fungare
800 2028 966 2109 corporis:
997 2029 1141 2091 amicitia
1164 2037 1216 2092 res

213 2130 372 2211 plurimas
400 2130 564 2208 continet;
601 2139 734 2214 quoquo
765 2140 797 2194 te
823 2131 961 2195 verteris
992 2141 1126 2213 praesto
1156 2142 1215 2209 est,

212 2234 304 2296 nullo
328 2234 402 2298 loco
427 2234 620 2311 excluditur,
646 2257 830 2318 numquam
855 2236 1098 2318 intempestiva,
1125 2257 1217 2299 num-

213 2359 312 2420 quam
343 2338 483 2401 molesta
514 2348 582 2416 est3
615 2340 727 2422 itaque
759 2347 825 2402 non
856 2347 942 2423 aqua
973 2348 1039 2402 non
1069 2350 1147 2421 igni,
1180 2351 1216 2404 ut

162 2465 191 2496 20
213 2442 313 2518 aiunt,
339 2442 419 2505 locis
450 2442 599 2523 pluribus
630 2444 753 2507 utimur
780 2464 880 2527 quarn
907 2444 1058 2508 amicitia.
1106 2465 1216 2529 neque

162 2642 231 2691 alent
243 2649 268 2690 to
281 2648 333 2690 no'n
347 2642 479 2700 metientis,
492 2643 646 2707 completing
658 2643 700 2692 the
727 2644 757 2691 os
771 2643 846 2691 Latin
862 2644 996 2701 literature,
1015 2645 1065 2694 and
1080 2644 1141 2693 held
1160 2645 1186 2694 in
1203 2646 1266 2709 high

161 2718 280 2781 meaning
292 2718 321 2766 of
331 2720 536 2782 interpretemur,
549 2720 637 2768 almost
649 2720 699 2767 like
727 2727 821 2768 esteem
833 2720 870 2767 for
882 2720 921 2767 his
935 2727 1022 2783 poetry
1035 2722 1086 2769 and
1104 2721 1142 2769 sor
1159 2722 1198 2770 his
1215 2738 1265 2771 ser-

161 2810 193 2843 an
207 2794 334 2843 adverbial
349 2794 431 2843 clause
446 2795 472 2845 in
489 2795 601 2857 English,
614 2796 701 2843 ‘with-
726 2796 780 2843 vice
792 2796 817 2843 in
829 2796 914 2858 giving
927 2796 989 2843 form
1002 2797 1052 2844 and
1067 2796 1166 2859 rhythm
1182 2804 1207 2846 to
1222 2799 1265 2847 the

161 2877 205 2918 out
233 2871 471 2933 measuring.’-1.
499 2871 626 2919 Paulos:
657 2873 699 2920 the
726 2872 929 2934 language.-8.
944 2872 1079 2934 quicum:
1099 2889 1141 2921 see
1156 2890 1190 2922 on
1206 2881 1264 2938 quo·

161 2946 241 3009 plural
270 2946 296 2994 in
325 2947 367 2995 the
395 2962 468 2995 sense
497 2947 526 2995 ol
551 2951 624 2995 ‘men
649 2948 700 2996 like
726 2965 792 3006 cum,
815 2950 948 3009 §2-9.
976 2952 1089 3007 tantus,
1118 2950 1156 2998 the
1178 2959 1261 3013 great.

162 3024 271 3070 Paulus.'
725 3025 780 3072 The
798 3024 903 3087 English
920 3025 993 3073 ‘the'
1010 3025 1071 3073 with
1091 3042 1124 3073 an
1142 3026 1264 3089 adjective

212 3111 234 3162 5.
260 3099 523 3159 opportunitdtt'es:
559 3100 602 3148 the
631 3102 700 3149 word
726 3100 795 3149 osten
824 3100 953 3150 translates
981 3108 1069 3150 tantus
1097 3103 1148 3152 and
1177 3110 1218 3151 rot.
1231 3130 1265 3139 -

160 3176 336 3237 opportunitas
347 3174 367 3222 is
380 3177 606 3238 ‘opportuneness’
616 3176 700 3223 rather
728 3189 765 3226 10.
783 3163 879 3238 aeque¹
898 3178 950 3226 ic:
970 3177 1033 3225 aiter
1051 3179 1133 3226 words
1151 3178 1180 3226 of
1197 3178 1264 3227 simi-

160 3250 222 3297 than
232 3251 422 3313 ‘opportunity.'
446 3252 483 3298 To
493 3267 534 3313 say
545 3253 598 3300 that
608 3252 699 3301 friend·
725 3253 797 3315 larity
809 3254 859 3301 and
871 3254 980 3317 equality
991 3270 1022 3301 ac
1034 3254 1079 3301 has
1094 3254 1136 3301 the
1153 3254 1221 3303 force
1238 3253 1267 3303 of

159 3326 217 3389 ship
237 3326 282 3373 has
301 3335 500 3390 opportuneness
519 3328 539 3375 is
558 3327 699 3391 equivalent
725 3345 802 3391 quam
815 3330 848 3391 by
857 3329 958 3393 ellipsis.
984 3330 1039 3377 The
1052 3330 1095 3377 full
1109 3330 1171 3378 form
1182 3332 1264 3380 would

160 3410 186 3449 to
199 3402 287 3465 saying
299 3403 353 3450 that
369 3404 388 3451 it
404 3404 485 3451 shows
502 3404 544 3452 the
560 3404 698 3452 character·
725 3405 757 3451 be
775 3410 859 3468 aequi,
878 3422 906 3453 ac
923 3412 950 3454 tri
971 3407 1021 3468 ipse
1039 3410 1117 3469 aequi
1129 3407 1264 3469 gauderes,

160 3478 229 3525 istics
241 3478 269 3526 of
278 3488 478 3542 opportuneness
493 3496 525 3527 on
541 3496 615 3543 many
627 3496 698 3528 occa·
721 3481 925 3543 gauderet—11.
939 3482 1004 3531 sine
1016 3482 1053 3531 θό
1066 3502 1090 3525 =
1102 3483 1156 3530 nisi
1168 3484 1190 3530 is
1200 3491 1264 3532 esset.

159 3554 235 3601 sions.
270 3554 398 3617 (R.)-6.
419 3556 544 3604 Ennius:
568 3558 699 3604 aRoman
724 3584 758 3592 —
773 3569 809 3616 14.
833 3559 916 3618 opes,
945 3557 1056 3620 political
1085 3557 1265 3607 influence.-

159 3637 228 3693 poet,
246 3630 309 3678 born
329 3638 354 3679 at
372 3631 492 3689 Raudiae,
511 3632 632 3690 Calabria,
652 3646 698 3695 239
728 3645 764 3693 19.
790 3634 876 3695 aqud,
896 3633 958 3681 non
976 3634 1052 3697 igni:
1078 3650 1110 3682 au
1131 3636 1265 3697 every-day

159 3718 209 3755 ue.
245 3708 286 3754 He
305 3723 355 3755 was
371 3709 493 3770 regarded
511 3724 538 3757 as
556 3708 599 3757 the
618 3708 699 3757 father
726 3710 870 3773 expression
887 3710 924 3758 sor
942 3710 985 3759 the
1003 3709 1148 3759 necessities
1166 3710 1196 3758 os
1210 3710 1261 3759 lise.
