2950 4159
210 299 252 361 86
689 301 838 351 LAELIUS

260 464 423 545 quaedam
448 461 490 523 ad
515 460 649 522 modum
668 458 884 522 intolerabilis
904 459 1023 521 iniuria
1041 459 1209 545 exarserit,
1228 468 1265 522 ut

260 586 369 649 neque
392 573 519 628 rectum
543 584 653 646 neque
673 565 851 626 honestum
871 562 913 625 sit
932 583 994 626 nec
1014 564 1084 626 fieri
1103 560 1208 644 possit
1228 574 1264 626 ut

260 678 327 733 non
352 669 463 732 statim
488 668 643 730 alienatio
666 668 910 749 disiunctioque
933 667 1092 730 faciunda
1113 667 1163 730 sit.
1212 678 1263 729 sin
1279 679 1313 729 77

261 784 372 837 autem
396 782 453 835 aut
476 780 604 834 morum
628 780 685 833 aut
713 771 895 833 studiorum
924 772 1139 834 commutatio
1166 793 1264 854 quae-

223 901 237 947 5
260 879 347 953 dam,
365 888 401 940 ut
417 877 488 939 fieri
510 876 603 952 solet,
620 876 711 938 facta
731 876 793 937 erit
809 884 865 937 aut
882 875 915 936 in
932 885 980 937 rei
996 875 1148 957 publicae
1165 877 1263 958 parti·

261 982 324 1045 bus
355 981 518 1043 dissensio
548 979 954 1062 intercesserit-loquor
993 980 1080 1041 enim
1119 980 1193 1056 iam,
1227 991 1263 1043 ut

209 1105 212 1111 ·
261 1086 362 1168 paulo
384 1094 462 1148 ante
485 1086 559 1161 dixi,
577 1092 644 1146 non
664 1084 705 1145 de
721 1083 931 1165 sapientium,
949 1084 1008 1147 sed
1024 1085 1066 1146 de
1082 1084 1262 1147 communi-

261 1189 324 1252 bus
340 1187 745 1264 amicitiis—cavendum
759 1186 875 1249 eritne
892 1194 958 1248 non
976 1187 1080 1249 solum
1098 1187 1261 1251 amicitiae

262 1293 442 1375 depositae,
459 1293 519 1355 sed
543 1292 640 1355 etiarn
660 1290 851 1354 inimicitiae
871 1301 1047 1373 susceptae
1068 1292 1261 1369 videantur;

213 1424 240 1457 ιο
262 1398 343 1460 nihil
366 1397 455 1459 enim
479 1405 530 1459 est
552 1396 682 1477 turpius
707 1415 806 1477 quam
831 1415 906 1458 cum
930 1404 970 1458 eo
992 1396 1114 1459 bellum
1134 1417 1261 1477 gerere,

263 1510 404 1584 quocum
427 1500 634 1562 familiariter
656 1500 784 1562 vixeris
832 1500 874 1562 ab
893 1500 1036 1563 amicitis
1054 1501 1094 1582 Q.
1114 1501 1264 1583 Pompeii

264 1614 338 1668 meo
360 1604 494 1667 nomine
518 1611 554 1667 se
577 1611 773 1678 removerat,
794 1613 830 1665 ut
854 1604 953 1680 scitis,
980 1605 1100 1685 Scipio,
1126 1614 1262 1686 propter

262 1709 503 1773 dissensionem
520 1718 640 1784 autem,
659 1728 745 1790 quae
761 1717 832 1770 crat
848 1708 881 1769 in
898 1716 934 1770 re
946 1708 1088 1788 publico,
1101 1709 1263 1773 alienfitus

262 1824 313 1876 est
329 1821 348 1875 {a
364 1813 504 1893 conlegi
520 1820 634 1875 nostro
651 1812 805 1874 Metello:
830 1819 1006 1895 utrumque
1023 1813 1091 1894 egit
1107 1800 1261 1894 graviter,

214 1940 240 1987 15
263 1917 458 1981 auctoritate
474 1926 507 1980 et
524 1916 710 1979 offensione
727 1916 829 1977 animi
844 1924 911 1978 non
929 1916 1056 1979 acerbo.
1105 1938 1205 1999 quarn
1222 1918 1265 1981 ob
1279 1929 1317 1979 78

263 2042 332 2084 rem
356 2031 498 2103 primum
523 2021 633 2084 danda
656 2040 759 2102 opera
782 2030 834 2082 est
858 2028 901 2082 ne
926 2028 991 2103 quet
1016 2030 1194 2084 amicorum
1220 2022 1264 2083 di-

212 2191 311 2251 repenti
333 2186 532 2250 praecidere.-·
547 2198 566 2232 1.
590 2184 748 2242 exarserit,
777 2199 809 2230 on
829 2198 871 2244 my
890 2182 1096 2243 acroama-14.
1115 2183 1244 2233 Metello
1263 2184 1313 2246 (Q.

212 2263 294 2312 future
320 2263 416 2327 perfect
445 2262 508 2310 from
536 2261 703 2309 exardescere.
718 2286 752 2295 -
777 2258 935 2321 Caecilio),
954 2274 969 2307 a
989 2259 1123 2308 successful
1143 2261 1245 2322 general
1265 2264 1318 2311 and

212 2354 235 2389 2.
253 2350 517 2402 neque...neque
529 2343 637 2385 connect
649 2337 692 2384 the
708 2337 752 2384 ad·
778 2342 867 2393 orator,
899 2336 951 2383 and
984 2335 1096 2398 political
1128 2346 1258 2400 opponent
1290 2338 1320 2386 of

211 2416 325 2479 jectives;
349 2428 406 2465 nec
427 2421 548 2463 connects
568 2414 611 2461 the
630 2413 752 2461 verbs-
778 2411 870 2474 Scipio,
883 2411 927 2459 but
939 2411 998 2459 with
1012 2412 1094 2459 whom
1111 2413 1149 2461 his
1165 2414 1254 2476 rivalry
1266 2430 1318 2463 was

213 2506 235 2555 3.
253 2492 406 2548 alienatio,
416 2492 458 2540 the
466 2489 686 2552 estrangementof
692 2488 751 2536 feel·
778 2487 895 2549 friendly;
922 2502 937 2535 a
958 2487 1086 2549 colleague
1106 2489 1159 2536 also
1182 2490 1211 2537 of
1231 2490 1317 2553 Scipio

213 2570 271 2632 ing;
294 2567 477 2625 disiunctio,
487 2568 530 2615 the
540 2567 652 2614 outward
664 2565 750 2613 break.
777 2565 827 2611 and
851 2564 951 2612 Laelius
974 2564 999 2611 in
1023 2564 1066 2611 the
1088 2566 1232 2629 augurship.
1274 2568 1317 2615 He

261 2660 285 2706 4.
303 2648 380 2694 aut.
399 2681 404 2692 .
423 2680 429 2693 .
447 2646 514 2692 aut:
540 2643 583 2691 the
601 2643 651 2690 first
668 2657 749 2690 corre·
776 2654 827 2687 was
844 2641 977 2688 surnamed
996 2640 1184 2699 Macedonicus,
1200 2644 1250 2690 and
1266 2659 1318 2691 was

212 2721 275 2770 lates
287 2722 347 2770 with
359 2727 407 2769 aut
416 2719 502 2768 before
517 2721 547 2767 in
562 2724 602 2767 rei
609 2718 670 2782 preb.
679 2735 690 2773 ,·
708 2719 751 2765 the
777 2716 820 2764 the
832 2716 904 2764 stock
918 2716 1066 2764 illustration
1083 2717 1109 2764 in
1126 2718 1227 2765 ancient
1244 2719 1318 2769 times

212 2799 307 2847 second
324 2798 345 2845 is
362 2798 422 2845 used
441 2796 479 2844 for
495 2797 541 2843 vel.
578 2796 640 2857 (See
654 2810 688 2841 on
702 2795 748 2851 vel,
777 2793 806 2841 of
815 2793 909 2841 human
921 2792 1021 2854 felicity.
1046 2792 1133 2841 Cicero
1146 2793 1314 2856 (Brutus81)

213 2873 295 2937 513.)
310 2886 394 2922 -1o.
414 2864 649 2933 bellum’gerere
664 2890 689 2912 =
705 2886 752 2917 esse
777 2884 832 2931 says
855 2868 884 2916 of
904 2868 971 2916 him:
1001 2871 1071 2917 Num
1097 2871 1125 2930 Q.
1150 2872 1272 2929 Melellus,
1294 2873 1318 2919 is

211 2952 404 2999 hostem-11.
427 2947 571 3008 Pompeii,
594 2946 681 2995 consul
706 2958 748 3006 141
777 2946 851 2993 celius
873 2952 993 3009 quattuor
1011 2946 1077 3010 filii
1094 2946 1237 2993 consuldre's
1254 2948 1316 3011 sue-

212 3038 262 3075 nc.
304 3026 346 3073 He
370 3025 390 3073 is
412 3024 466 3073 said
489 3030 515 3072 to
538 3024 602 3071 have
624 3022 751 3086 promised
778 3028 849 3080 runt,
868 3023 898 3069 in
913 3026 1007 3084 prt'mr‘s
1024 3028 1059 3069 est
1073 3022 1173 3070 habitus
1192 3023 1314 3085 eloquens.

213 3102 298 3166 Scipio
314 3107 340 3149 to
356 3101 397 3149 aid
414 3101 456 3149 the
475 3115 578 3149 canvass
596 3099 625 3148 of
640 3099 749 3157 Laelius,
777 3098 831 3145 The
844 3097 898 3145 four
910 3113 968 3145 sons
981 3097 1041 3145 here
1056 3099 1202 3147 mentioned
1217 3115 1258 3147 are
1273 3101 1316 3147 de-

213 3179 257 3227 but
280 3178 359 3226 broke
383 3178 423 3225 his
447 3176 556 3241 promise
582 3176 632 3224 and
658 3174 751 3222 offered
777 3174 875 3221 scribed
887 3173 918 3236 by
935 3175 992 3223 Vell.
1004 3175 1061 3222 Pae.
1076 3186 1096 3232 1,
1112 3187 1155 3222 11:
1176 3180 1245 3223 mnus
1260 3181 1316 3223 con·

212 3254 315 3303 himself
328 3270 355 3303 as
369 3270 385 3303 a
398 3254 540 3303 candidate.
577 3251 657 3314 (Dict.
671 3250 750 3311 Biog„
777 3251 873 3297 suldris
892 3256 916 3298 et
931 3251 1066 3307 censorius,
1084 3251 1148 3298 alter
1167 3252 1316 3309 consuldria

212 3332 346 3394 Pompeius
368 3331 407 3393 3.)
454 3329 543 3377 Cicero
566 3327 680 3390 (Brutus
702 3326 747 3388 96)
777 3328 865 3373 tertius
874 3327 966 3383 consul,
977 3332 1084 3389 quartus
1096 3326 1248 3375 candidolus
1259 3333 1316 3375 con·

212 3423 267 3470 says
284 3406 313 3455 of
327 3407 393 3455 him:
417 3407 445 3467 Q.
462 3407 531 3453 enim
549 3403 681 3466 Pompeius
699 3407 750 3449 non
777 3403 881 3459 suldteia
905 3418 976 3465 quem
1003 3403 1122 3450 honorem
1147 3404 1250 3466 adeptus
1272 3411 1314 3453 est.

212 3490 363 3546 contemptus
372 3487 459 3531 orator
467 3481 617 3544 temporibus
630 3480 680 3526 illis
684 3480 750 3543 fuit,
778 3478 858 3541 (Dict.
872 3478 951 3540 Biog.‚
964 3479 1079 3526 Metellus
1091 3478 1127 3542 5.)

213 3565 261 3623 qm·
277 3564 386 3607 summos
404 3559 508 3606 horrores
525 3558 597 3604 homo·
608 3562 658 3617 per
673 3559 698 3602 se
715 3571 750 3602 co·
813 3566 849 3617 15.
867 3567 956 3615 quam
974 3555 1015 3603 ob
1032 3567 1103 3612 rem,
1116 3555 1141 3602 in
1155 3555 1218 3603 view
1232 3555 1262 3603 of
1272 3556 1317 3604 the

210 3636 298 3699 guitur
308 3636 364 3682 sine
378 3634 434 3681 allo
447 3633 660 3679 commendatione
672 3632 750 3677 mdio-
776 3636 922 3677 statements
940 3630 968 3677 of
983 3631 1025 3677 the
1043 3637 1091 3678 two
1109 3632 1246 3694 preceding
1262 3648 1316 3680 sec-

211 3709 527 3773 rumestadeptus.-12.
542 3706 611 3755 meo
623 3706 750 3765 nomine,
777 3704 937 3753 tions.-16.
954 3705 1089 3765 primum,
1107 3707 1158 3755 first
1178 3708 1203 3755 in
1223 3708 1315 3773 impor-
