2950 4159
223 303 265 367 92
703 297 854 347 Laeuus

277 456 374 518 modo
402 476 462 537 per
488 454 636 517 omnium
662 462 748 516 vitas
776 455 919 519 amicitia
944 477 1005 520 nec
1031 458 1132 519 ullam
1160 456 1279 521 aetatis

275 560 448 641 degendae
472 558 636 621 rationem
660 558 785 639 patitur
808 579 882 622 esse
905 571 1076 643 expertem
1101 572 1169 638 sui;
1198 572 1278 644 quin

274 663 374 726 etiam
395 662 513 745 siquis
533 662 712 744 asperitate
731 669 772 725 ea
790 672 841 725 est
856 674 889 727 et
905 664 1110 728 immanitate
1129 673 1278 742 naturae,

214 767 216 771 ’
275 774 476 848 congressus
500 776 536 830 ut
559 765 731 829 hominum
754 766 863 848 fugiat
886 776 984 849 atque
1007 768 1122 844 oderit,
1145 770 1277 851 qualem

237 872 379 940 siuisse
410 872 556 934 Athenis
587 871 763 933 'limonem
795 870 908 933 nescio
945 892 1045 953 quem
1076 873 1274 953 accepimus

276 986 388 1038 tamen
415 974 443 1037 is
471 984 541 1055 pati
563 982 631 1036 non
655 974 769 1055 possit,
794 984 831 1036 ut
854 982 921 1036 non
945 985 1098 1057 anquirat
1121 976 1275 1060 aliquem,

276 1080 365 1161 apud
382 1099 481 1161 quem
501 1085 632 1140 evomat
647 1088 736 1139 virus
757 1077 944 1141 acerbitatis
961 1099 1049 1141 suae.
1097 1089 1196 1162 atque
1213 1082 1276 1145 hoc

275 1183 417 1245 maxime
436 1182 645 1257 iudicaretur,
663 1191 691 1243 si
710 1181 787 1263 quid
807 1182 873 1245 tale
889 1192 1003 1262 posset
1019 1184 1222 1265 contingere,
1241 1196 1277 1248 ut

276 1286 394 1369 aliquis
416 1295 477 1349 nos
498 1286 581 1349 deus
603 1306 643 1348 ex
664 1286 726 1348 hac
749 1285 920 1348 hominum
941 1286 1129 1368 frequentia
1146 1289 1277 1352 tolleret

226 1415 253 1447 10
274 1402 309 1455 et
331 1391 365 1453 in
389 1390 566 1453 solitudine
591 1389 721 1471 uspiam
741 1389 929 1452 conlocaret
948 1399 1047 1472 atque
1063 1390 1108 1454 ibi
1125 1392 1278 1474 subpedi-

275 1503 351 1559 tans
371 1494 518 1558 omnium
537 1502 656 1568 rerum,
675 1501 757 1575 quas
777 1500 897 1555 natura
915 1494 1089 1571 desiderat,
1108 1496 1278 1559 abundan-

274 1600 355 1663 tiam
366 1608 399 1662 et
411 1598 542 1680 copiam
555 1597 698 1660 hominis
711 1605 846 1659 omnino
858 1597 1063 1678 adspiciendi
1076 1608 1277 1681 potestatem

276 1704 436 1785 eriperet:
461 1702 534 1785 quis
557 1711 626 1765 tam
645 1711 734 1764 esset
753 1702 882 1763 ferreus
902 1712 959 1784 qui
976 1722 1049 1765 eam
1068 1713 1169 1765 vitam
1188 1706 1277 1769 ferre

276 1817 390 1889 posset
405 1816 523 1888 cuique
541 1814 607 1868 non
624 1806 772 1867 auferret
787 1806 933 1868 fructum
949 1806 1156 1888 voluptatum
1176 1810 1278 1872 omni-

226 1933 253 1980 15
276 1933 331 1974 um
349 1911 513 1974 solitudo?
541 1917 655 1972 verum
672 1917 753 1989 ergo
769 1909 849 1971 illud
866 1918 925 1985 est,
944 1911 1033 1992 quod
1054 1918 1074 1973 a
1094 1913 1278 1977 Tarentino
1295 1926 1331 1975 88

274 2016 436 2098 Archyta,
461 2024 498 2077 ut
521 2024 648 2095 opinor,
673 2016 738 2077 dici
762 2013 894 2076 solitum
918 2023 1048 2095 nostros
1072 2023 1169 2080 senes
1192 2039 1278 2081 com-

276 2126 459 2183 memorare
481 2119 592 2182 audivi
612 2118 654 2180 ab
675 2118 748 2180 aliis
765 2117 900 2180 senibus
920 2120 1086 2183 auditum:
1111 2131 1139 2183 si
1154 2122 1228 2203 quis
1244 2123 1277 2185 in

276 2224 405 2288 caelum
429 2223 634 2287 ascendisset
658 2230 877 2304 naturamque
902 2223 1017 2285 mundi
1039 2233 1072 2287 et
1099 2225 1278 2305 pulchritu-

277 2330 389 2393 dinem
412 2329 558 2390 siderum
582 2308 816 2409 perspexisset,
834 2333 1007 2389 insuavem
1026 2327 1116 2389 illam
1141 2329 1279 2393 admira-

225 2463 254 2494 ω
276 2434 399 2496 tionem
425 2442 455 2495 ei
476 2433 558 2508 fore,
576 2451 661 2514 quae
684 2429 922 2493 iucundissima
945 2431 1073 2508 fuisset,
1091 2443 1119 2495 si
1134 2434 1278 2517 aliquem

226 2640 339 2688 between
352 2638 464 2687 [reemen
476 2638 525 2685 and
538 2636 625 2694 slaves,
638 2619 689 2683 and
702 2634 765 2683 from
844 2647 880 2699 15.
899 2637 982 2697 quod
995 2673 1000 2685 .
1014 2672 1019 2684 .
1032 2672 1038 2684 .
1056 2638 1201 2696 auditum,
1218 2640 1298 2687 which
1317 2643 1334 2689 J

226 2716 269 2764 the
286 2716 348 2777 high
365 2716 435 2763 ideas
452 2714 481 2761 of
500 2712 596 2775 dignity
613 2713 663 2760 and
682 2727 766 2774 power
791 2711 854 2758 have
871 2711 954 2759 heard
970 2714 992 2760 it
1008 2713 1069 2760 said
1078 2714 1133 2761 that
1148 2731 1197 2763 our
1215 2716 1258 2762 old
1272 2734 1331 2765 men

225 2792 364 2840 associated
377 2791 436 2838 with
449 2791 492 2838 the
506 2790 596 2837 former
608 2788 745 2836 condition.
791 2787 834 2834 tell
848 2803 876 2835 as
893 2804 909 2835 a
927 2795 1069 2851 customary
1080 2791 1173 2853 saying
1184 2793 1216 2856 os
1224 2792 1263 2839 the
1282 2796 1330 2841 Τα-

278 2880 298 2915 1.
315 2868 408 2915 illlam
421 2902 427 2915 .
440 2864 764 2926 ..rationemanycall-
792 2865 892 2910 rentine
917 2865 1046 2925 Archytas,
1073 2866 1093 2913 I
1117 2866 1212 2926 believe,
1234 2868 1335 2933 having
1429 2856 1433 2863 „

226 2945 274 3007 ing
293 2960 321 2991 or
339 2943 495 3006 pursuit.-—
502 2953 523 3005 5.
547 2940 711 2996 T'smbnem,
732 2955 765 2987 an
792 2940 905 2987 received
913 2940 934 2987 it
943 2942 1015 3005 from
1026 2941 1093 2989 other
1102 2942 1166 3005 oged
1173 2959 1238 2993 nien.
1268 2944 1327 3008 (R.)

226 3020 353 3068 Athenian
367 3018 544 3080 misanthrope,
557 3017 599 3064 the
616 3016 685 3064 chief
694 3016 764 3063 char·
790 3016 912 3076 -quod
929 3052 934 3064 .
950 3052 956 3064 .
974 3052 980 3065 .
999 3017 1121 3066 solitum
1138 3019 1158 3066 is
1176 3020 1218 3067 the
1236 3020 1331 3082 subject

225 3104 293 3144 acter
305 3097 331 3144 in
343 3111 392 3143 one
404 3094 433 3142 os
442 3093 637 3155 Shakespeare’s
649 3092 766 3155 plays.-
791 3091 820 3138 os
836 3091 953 3139 cursorum
978 3090 1061 3155 (esse).
1105 3096 1228 3156 Archytas
1247 3112 1297 3145 was
1316 3114 1331 3145 a

225 3174 248 3221 6.
269 3177 389 3221 tamen.
405 3206 411 3218 .
428 3206 433 3217 .
448 3170 595 3231 anquirat,
607 3175 651 3230 yet
661 3168 766 3215 nousthe
792 3168 934 3215 celebrated
942 3168 1112 3232 philosopher,
1119 3172 1330 3239 mathematician,

224 3250 359 3310 seca-7.
379 3246 462 3295 virus
482 3245 661 3295 acerbltatis
681 3256 762 3302 suae,
791 3243 900 3305 general,
920 3245 970 3291 and
986 3250 1121 3293 statesman
1140 3247 1169 3294 os
1182 3249 1328 3307 Tarentum,

224 3326 264 3373 his
276 3325 351 3387 “gall
359 3325 391 3389 ο]
399 3322 621 3381 billerness.”-9.
640 3319 698 3368 hac
711 3354 717 3367 .
735 3353 741 3365 .
756 3354 761 3367 .
792 3319 868 3366 about
879 3332 929 3379 400
942 3332 1027 3368 B.C.-
1037 3321 1073 3369 16.
1088 3325 1124 3370 ut
1135 3323 1242 3383 opinor
1254 3325 1274 3373 is
1287 3336 1331 3375 not

224 3401 400 3462 frequentia,
419 3400 458 3447 tle
474 3398 560 3459 society
577 3397 608 3461 0s
622 3412 696 3451 mem
720 3396 767 3442 heic
793 3396 852 3444 used
874 3402 900 3443 to
918 3396 1026 3445 indicate
1048 3398 1134 3456 doubt,
1153 3399 1197 3447 but
1217 3400 1255 3448 sor
1273 3417 1330 3450 ease

225 3478 336 3540 supplies
354 3477 395 3524 the
417 3475 474 3523 lack
494 3473 523 3522 os
540 3474 614 3521 ‘the’
624 3498 655 3507 -
668 3485 703 3519 11.
721 3472 767 3519 15-
792 3470 820 3519 os
830 3472 1047 3534 quotation-20.
1060 3486 1137 3535 quae
1150 3511 1155 3523 .
1169 3512 1174 3523 .
1188 3510 1195 3521 .
1209 3476 1329 3527 fussee:

225 3550 555 3610 rum,l.e.lood,clothing‚
567 3550 617 3597 and
629 3548 767 3597 shelter.-
791 3548 823 3595 N.
844 3562 899 3609 says
912 3548 965 3596 that
986 3550 1056 3597 these
1079 3566 1121 3597 are
1142 3551 1184 3598 the
1203 3555 1284 3601 words
1305 3555 1334 3602 ol

229 3643 265 3691 13.
281 3630 413 3677 leneus.
429 3662 435 3674 .
451 3662 457 3673 .
472 3626 567 3675 terre.
583 3660 590 3671 .
605 3660 611 3672 .
627 3624 765 3681 auferret,
793 3622 898 3680 Laelius,
922 3640 948 3671 as
969 3626 1099 3674 otherwise
1123 3643 1200 3689 quam
1216 3665 1221 3677 .
1235 3664 1241 3676 .
1254 3665 1259 3677 .
1271 3631 1332 3694 sore

226 3721 241 3753 a
252 3704 309 3768 play
322 3719 389 3767 upon
402 3703 490 3760 words,
503 3716 620 3749 common
631 3700 658 3748 in
670 3699 765 3748 Cicero.
792 3699 874 3747 would
884 3699 947 3747 have
957 3701 1021 3748 been
1031 3702 1140 3761 written3
1163 3704 1207 3752 but
1216 3704 1332 3755 relatives
