2950 4159
227 307 271 370 66
704 316 854 365 LAELIUS

279 473 518 555 minimumque
539 473 665 549 virium,
686 472 732 535 ita
755 472 915 535 amicitias
940 472 1098 553 adpetere
1122 469 1282 537 maxime:

280 598 320 641 ex
336 585 376 640 eo
391 578 462 641 fieri
476 587 512 640 ut
528 577 742 640 mulierculae
759 576 866 657 magis
882 575 1099 640 amicitiarum
1116 574 1283 657 praesidia

280 691 443 765 quaerant
460 701 559 763 quam
572 681 634 744 viri
645 690 678 743 et
690 681 809 762 inopes
822 701 920 762 quam
938 679 1088 761 opulenti
1103 688 1136 741 et
1152 678 1282 741 calami-

280 793 345 848 tosi
365 806 465 867 quam
484 786 515 860 ir,
531 795 589 867 qui
605 794 766 866 putantur
781 784 879 847 beati.
926 791 946 845 ὀ
969 783 1174 865 praeclaram
1198 781 1282 863 sapi·
1299 791 1334 843 47

243 890 423 958 sentiam!
460 889 563 951 solem
590 888 679 951 enim
707 896 725 951 ἓ
752 888 877 950 mundo
901 888 1017 950 tollere
1043 886 1198 950 videntur
1225 894 1283 967 qui

259 1038 262 1043 -
282 992 458 1056 amicitiam
478 1000 497 1055 e
518 1000 585 1055 vita
604 992 733 1069 tollunt,
751 999 817 1074 qua
838 991 920 1054 nihil
939 998 958 1053 a
974 991 1025 1053 dis
1041 988 1282 1057 immortalibus

281 1097 399 1159 melius
419 1097 589 1173 habemus
606 1096 689 1159 nihil
707 1096 892 1159 iucundius.
940 1115 1026 1177 quae
1045 1104 1096 1157 est
1115 1093 1203 1157 enim
1219 1093 1283 1155 ista

282 1183 464 1264 secriritas?
497 1201 609 1283 specie
631 1200 766 1284 quidem
790 1200 921 1275 blanda,
947 1201 1005 1263 sed
1028 1206 1147 1280 reapse
1170 1197 1282 1259 multis

282 1306 363 1368 locis
379 1305 602 1387 repudianda;
620 1325 729 1387 neque
742 1304 831 1367 enim
844 1314 894 1367 est
907 1310 1168 1367 consentaneum
1181 1302 1282 1363 ullam

233 1436 261 1469 10
284 1411 457 1473 honestam
481 1429 551 1472 rem
575 1409 791 1485 actionemve,
808 1415 851 1470 ne
874 1408 1034 1470 sollicitus
1058 1417 1111 1483 εἰς,
1135 1413 1283 1469 autnon

283 1513 453 1599 suscipere
476 1523 534 1576 aut
557 1523 747 1595 susceptam
771 1513 947 1594 deponere.
998 1511 1087 1594 quod
1115 1520 1143 1573 si
1169 1518 1283 1573 curam

283 1616 756 1699 fugimus‚·virt[1sfugienda
779 1626 839 1691 est,
864 1636 949 1697 quae
973 1635 1110 1678 necesse
1134 1623 1185 1677 est
1207 1634 1283 1677 cum

285 1721 395 1803 aliqua
410 1728 490 1784 cura
506 1728 558 1783 res
571 1721 634 1783 sibi
645 1720 827 1784 contrarias
839 1726 1035 1811 aspernetur
1051 1729 1151 1801 atque
1167 1718 1283 1793 oderit,

285 1835 321 1887 ut
343 1825 473 1888 bonitas
497 1824 665 1901 malitiam,
682 1824 904 1906 temperantia
919 1823 1098 1899 libidinem,
1117 1822 1284 1904 ignavlam

236 1949 262 1996 Ι5
284 1928 454 1991 fortitudo.
501 1928 613 2011 itaque
628 1929 744 1992 videas
763 1922 861 1990 rebus
877 1927 1007 1990 iniustis
1023 1927 1127 1989 iustos
1144 1926 1285 1988 maxime

285 2032 407 2108 dolere,
425 2031 611 2095 imbellibus
637 2034 744 2108 fortis
772 2032 943 2113 flagitiosis
970 2032 1162 2117 modestos
1205 2037 1286 2112 ergo

259 2122 349 2199 ¹hoc
377 2136 547 2217 proprium
578 2145 629 2199 est
659 2136 761 2198 animi
785 2136 872 2198 bene
899 2135 1079 2211 constituti,
1107 2144 1141 2197 et
1167 2134 1291 2196 laetari·
1358 2182 1360 2185 .

285 2240 381 2303 bonis
408 2240 506 2302 rebus
533 2249 567 2303 et
593 2240 705 2303 dolere
731 2239 913 2303 contrariis.
961 2259 1060 2320 quam
1088 2238 1131 2301 ob
1154 2258 1234 2312 rem,
1259 2246 1287 2298 si
1302 2247 1339 2296 48

286 2344 375 2408 cadit
399 2343 432 2406 in
457 2344 643 2426 sapientem
669 2344 771 2406 animi
794 2344 895 2418 dolor,
924 2353 982 2426 qui
1007 2343 1160 2425 prolecto
1185 2341 1284 2417 cadit,

206 2639 208 2643 ,
235 2576 367 2640 bysaying
380 2577 435 2625 that
452 2576 531 2625 dicere
548 2577 569 2625 is
587 2576 729 2641 equivalent
747 2583 773 2624 to
799 2576 921 2638 marriage
944 2575 1058 2624 alliance.
1093 2576 1197 2633 'Rams.,
1220 2590 1262 2637 pp.
1290 2586 1337 2638 252

236 2654 337 2713 fuisse,
360 2655 403 2702 the
423 2659 524 2716 present
546 2654 623 2715 being
645 2655 707 2702 used
729 2654 772 2701 be·
800 2654 849 2701 and
867 2665 924 2715 423,
945 2653 1253 2715 muralium-reapse
1269 2670 1293 2692 =
1310 2655 1338 2697 νὲ

236 2745 310 2778 cause
330 2730 373 2777 the
393 2736 539 2777 statements
560 2746 601 2778 are
625 2730 674 2778 still
695 2730 773 2778 found
800 2764 855 2777 ...
875 2728 1086 2791 apsa—multis
1103 2728 1188 2784 loeis,
1200 2729 1246 2791 sor
1258 2742 1338 2787 many

235 2805 262 2853 in
275 2805 339 2853 their
351 2806 444 2864 works3
465 2806 510 2855 but
525 2807 579 2854 that
593 2808 655 2855 does
671 2813 716 2855 not
733 2822 774 2853 ex·
800 2818 994 2865 reasons-14.
1014 2804 1163 2865 ignaviam
1180 2802 1338 2859 lortltt'rdd,

236 2880 304 2944 plain
317 2882 359 2929 the
371 2888 472 2945 present
483 2888 618 2945 quaerant.
653 2882 677 2929 It
693 2882 774 2929 isone
801 2881 933 2939 chiasmus,
962 2896 988 2928 as
1015 2880 1094 2928 osten
1112 2880 1138 2926 in
1167 2895 1182 2926 a
1209 2878 1338 2925 series.—

236 2957 266 3005 of
279 2958 351 3006 those
367 2958 499 3005 violations
517 2958 546 3005 of
560 2958 612 3006 rule
630 2958 684 3005 that
701 2973 774 3020 every
789 2957 839 3006 '16.
860 2956 1035 3019 flagitit'tsis:
1067 2956 1108 3003 the
1123 2955 1269 3019 fldgilidsus
1288 2968 1338 2999 vvas

236 3033 314 3095 living
332 3033 455 3095 language
476 3033 561 3081 allows
580 3040 606 3081 to
627 3033 669 3081 the
693 3034 774 3082 subtle
801 3049 850 3081 one
878 3034 952 3081 criius
981 3037 1047 3080 vitae
1078 3037 1137 3079 nola
1165 3022 1347 3093 turpitridim's'

237 3110 348 3171 changes
360 3109 386 3156 in
396 3110 438 3157 the
451 3110 558 3171 thought
568 3109 597 3156 of
606 3110 648 3157 the
659 3110 774 3173 speaker.
802 3110 888 3157 indsta
899 3108 1050 3169 est—erg&
1063 3122 1130 3155 sums
1141 3122 1175 3169 up
1188 3106 1230 3154 the
1243 3120 1338 3153 answer

237 3186 284 3233 See
304 3186 382 3243 Mad,
394 3186 435 3233 De
451 3186 511 3233 Fin.
526 3186 575 3234 111.
594 3185 705 3247 67.-4.
723 3197 774 3245 pu-
802 3192 827 3233 to
840 3202 927 3249 quoe.
948 3219 954 3231 .
975 3220 981 3231 .
1002 3184 1144 3231 sicaritds?
1171 3182 1233 3230 This
1244 3181 1337 3228 se’cziri-

235 3264 353 3309 tantur:
377 3276 446 3309 some
469 3262 529 3309 read
547 3267 681 3323 putentur.
719 3261 775 3309 The
801 3267 839 3309 tais
856 3267 948 3308 cannot
965 3260 996 3308 be
1015 3260 1142 3317 obtained,
1154 3258 1193 3306 for
1210 3258 1252 3305 the
1270 3272 1338 3305 same

236 3336 328 3384 former
350 3336 428 3385 refers
450 3337 493 3384 the
513 3338 594 3385 words
617 3343 643 3384 to
667 3336 775 3395 Laelius,
802 3344 932 3398 argument
957 3336 1038 3384 which
1063 3335 1134 3383 leads
1159 3350 1188 3381 us
1213 3340 1239 3381 to
1265 3333 1337 3380 avoid

237 3412 280 3459 the
297 3412 369 3461 latter
387 3419 412 3460 to
430 3413 501 3461 alios.
801 3413 940 3474 friendship
968 3412 1020 3459 also
1050 3410 1120 3458 leads
1146 3424 1178 3458 us
1209 3416 1235 3456 to
1265 3408 1338 3455 avoid

209 3486 211 3491 ’
287 3500 309 3551 7.
322 3499 399 3549 quae
412 3487 702 3550 almost=quanlz]‘ol
709 3488 775 3536 what
801 3488 888 3544 virtue,
911 3488 954 3535 the
980 3486 1088 3550 practice
1114 3485 1143 3533 os
1165 3484 1256 3542 which,
1279 3484 1338 3531 with

236 3563 347 3610 worth?'
379 3562 484 3625 (R.)-
496 3562 517 3609 8.
537 3564 647 3623 specie,
668 3564 775 3612 ablative
801 3564 832 3612 its
848 3562 945 3623 delight
960 3561 985 3609 in
1004 3563 1070 3623 good
1089 3562 1140 3609 and
1156 3560 1224 3623 grief
1240 3562 1266 3607 at
1284 3559 1339 3617 evil,

237 3637 266 3685 ol
280 3637 635 3700 specification-blanda,
654 3640 771 3701 enticing.
801 3639 822 3686 is
852 3636 1035 3685 characteristic
1063 3636 1095 3683 ol
1120 3630 1137 3683 a'
1166 3636 1339 3684 well-ordered

235 3713 290 3762 The
308 3713 384 3775 figure
405 3714 471 3761 isos
488 3728 503 3761 a
521 3714 620 3762 maiden
638 3715 743 3777 seeking
760 3730 775 3763 a
801 3714 878 3761 mind.
983 3720 984 3723 ’
